
@article{dc-apibbn-93,
  author    = {P. Dagum and M. Luby},
  title     = {Approximating probabilistic inference in 
{B}ayesian belief networks},
  journal   = {IEEE Transactions on Pattern Analysis and Machine Intelligence},
  volume    = {15},
number = "3",
  pages     = {246-255},
  year      = {1993},
}

@article{dl-apibbnn-93,
  author    = {P. Dagum and M. Luby},
  title     = {Approximating probabilistic inference in 
{B}ayesian belief networks is {NP}-hard},
  journal   = {Artificial Intelligence},
  volume    = {60},
  pages     = {141-153},
  year      = {1993},
}

@article{c-ccpibbn-90,
  author    = {G. F. Cooper},
  title     = {The computational complexity of probabilistic inference using
{B}ayesian belief networks},
  journal   = {Artificial Intelligence},
  volume    = {42},
  pages     = {393-405},
number={2-3},
  year      = {1990},
}

@article{p-fpsbn-86,
  author    = {J. Pearl},
  title     = {Fusion, propagation, and structuring in belief networks},
  journal   = {Artificial Intelligence},
  volume    = {29},
number={3},
  pages     = {241-288},
  year      = {1986},
}


@inproceedings{pd-omcebni-96,
	Author = {M. Pradhan and P. Dagum},
	Booktitle = {Proceedings of the Twelfth Conference of Uncertainty in
Artificial Intelligence},
	Month = {August},
	Title = {Optimal Monte Carlo Estimation of Belief Network Inference},
	Year = {1996},
}
