
@inproceedings{olcb-fmaimr-00,
author="J. O'Sullivan 	and J. Langford 	and R. Caruana 	and A. Blum",
title="FeatureBoost: A Meta-Learning Algorithm that Improves Model Robustness",
booktitle="Proceedings of the Seventeenth International Conference on Machine Learning",
year="2000",
pages="703-710",
}
