
@Book{dk-tcc-00,
  author =       "D. Du and K. Ko",
  title =        "Theory of Computational Complexity",
  publisher =    "John Wiley and Sons",
  year =         "2000",
}

@Book{p-cc-94,
  author =       "C. Papadimitriou",
  title =        "Computational Complexity",
  publisher =    "Addison-Wesley",
  year =         "1994",
}
