@inproceedings{wv-ls-05,
  author =       "M.~Warmuth and S.~V.~N.~Vishwanathan",
  title="Leaving the span",
booktitle="Proceedings of the 18th Annual Conference Learning Theory",
year="2005",
pages="366-381",
}

@article{ks-ldt2-04,
  author = "A. Klivans and R. A. Servedio",
  title="Learning {DNF} in time {$2^{\tilde{O} \left( n^{1/3}\right)}$}",
  Volume = "68",
  number="2",
  month="March",
  Pages = "303-318",
  journal = {Journal of Computer and System Sciences},
  year = "2004",
}

@article{tw-pkmu-03,
  author = "E. Takimoto and M. K. Warmuth",
  title="Path kernels and multiplicative updates",
  Volume = "4",
  Pages = "773-818",
  journal = {Journal of Machine Learning Research},
  year = "2003",
}

@techreport{szb-gml-03,
  author =       "S. D. Scott and J. Zhang and J. Brown",
  title =        "On Generalized Multiple-Instance Learning",
  year =         "2003",
  institution = "Dept. of Computer Science, University of Nebraska",
  number = "UNL-CSE-2003-5",
}

@article{ggk-kwdmeoid-97,
  author = {Adam Grove and Russ Greiner and Alexander Kogan},
  title = {Knowing What doesn't Matter: Exploiting the Omission of Irrelevant
    Data},
  Volume = "97",
  Number = "1-2",
  Pages = "345--380",
  journal = {Artificial Intelligence},
  year = "1997",
}

@incollection(j-mlslp-99,
title="Making large-scale {SVM} Learning Practical",
author="T. Joachims",
booktitle="Advances in Kernel Methods: Support Vector Learning",
editor="B. {Sch\"{o}lkopf} and C. Burges and A. Smola",
chapter="11",
pages="169-184",
year="1999",
publisher="MIT Press",
)


@article{blw-flrf-96,
  author =       "P. L. Bartlett and P. M. Long and R. C. Williamson",
  title =        "Fat-shattering and the learnability of real-valued
                 functions",
  journal =    "Journal of Computer and System Sciences",
  year =         "1996",
  pages =        "434-452",
  volume="52",
  number="3",
}

@article{kr-lrrv-99,
  author =       "Roni Khardon and Dan Roth",
  title =        "Learning to reason with a restricted view",
journal="Machine Learning",
volume="35",
number="2",
  year =         "1999",
  pages =        "95-117",
}

@inproceedings{tsvom-ekgml-04,
  author =       "Q. Tao and S. Scott and N. V. Vinodchandran and T. Osugi and B. Mueller",
  title =        "An Extended Kernel for Generalized Multiple-Instance Learning",
  booktitle =    "Proceedings of the 16th IEEE International Conference on
Tools with Artificial Intelligence",
  year =         "2004",
  pages = "272-277",
}

@inproceedings{tsvo-sgmlabc-04,
  author =       "Q. Tao and S. Scott and N. V. Vinodchandran and T. Osugi",
  title =        "{SVM}-Based Generalized Multiple-Instance Learning via
Approximate Box Counting",
  booktitle =    "Proceedings of the Twenty-First International Conference
on Machine Learning", 
  year =         "2004",
  pages = "799-806",
}

@inproceedings{ts-fagml-04,
  author =       "Q. Tao and S. Scott",
  title =        "A faster algorithm for generalized multiple-instance learning",
  booktitle =    "Proceedings of the 17th International Florida Artificial
Intelligence Research Society Conference (FLAIRS)", 
  year =         "2004",
  pages = "550-555",
}

@inproceedings{wfp-tlmgmp-03,
  author =       "N. Weidmann and E. Frank and B. Pfahringer",
  title =        "A Two-level Learning Method for Generalized Multi-instance
Problems",
  booktitle =    "Proceedings of the European Conference on Machine Learning", 
  year =         "2003",
pages = "468-479",
}

@inproceedings{kti-mkblg-03,
  author =       "H. Kashima and K. Tsuda and A. Inokuchi",
  title =        "Marginalized kernels between labeled graphs",
  booktitle =    "Proceedings of the Twentieth International Conference on
Machine Learning",
  year =         "2003",
  pages = "321-328",
}

@inproceedings{lscw-tcusk-01,
  author =       "H. Lodhi and J. Shawe-Taylor and N. Cristianini and C.
Watkins",
  title =        "Text classification using string kernels",
  booktitle =    "Advances in Neural Information Processing Systems",
  year =         "2001",
}

@inproceedings{z-rwm-00,
  author =       "T. Zhang",
  title =        "Regularized {W}innow methods",
  booktitle =    "Advances in Neural Information Processing Systems",
  pages = "703-709",
  year =         "2000",
}

@inproceedings{ts-amsmewsw-03,
  author =       "Q. Tao and S. Scott",
  title =        "An analysis of {MCMC} sampling methods for
estimating weighted sums in {Winnow}",
  booktitle =    "Artificial Neural Networks in Engineering",
  year =         "2003",
}

@article{fs-dgolab-97,
  author =       "Y. Freund and R. E. Schapire",
  title =        "A decision-theoretic generalization of on-line
                 learning and an application to boosting",
  journal =    "Journal of Computer and System Sciences",
  year =         "1997",
  pages =        "119-139",
  volume ="55",
  number ="1",
}

@article{sfbl-bmneevm-98,
  author =       "R. E. Schapire and Y. Freund and P. Bartlett
                 and W. S. Lee",
  title =        "Boosting the margin: a new explanation for the
                 effectiveness of voting methods",
  journal = "The Annals of Statistics",
  volume = "26",
  number="5",
  pages =        "1651-1686",
  year = "1998",
}

@article{bd-lrfa-98,
  author =       "S. Ben-David and E. Dichterman",
  title =        "Learning with restricted focus of attention",
  journal =    "Journal of Computer and System Sciences",
  year =         "1998",
  pages =        "277--298",
  volume = "56",
  number = "3",
}

@Article{bdjks-rlbf-98,
  author =       "A. Birkendorf and E. Dichterman and J.
                 Jackson and N. Klasner and H. U. Simon",
  title =        "On restricted-focus-of-attention learnability of
                 {B}oolean functions",
  journal =      "Machine Learning",
  volume =       "30",
  year =         "1998",
  pages =        "89--123",
  publisher =    "Kluwer Academic Publishers, Boston",
}

@article{ad-sssqaen-98,
  author =       "J. A. Aslam and S. E. Decatur",
  title =        "Specification and simulation of statistical query
                 algorithms for efficiency and noise tolerance",
  journal =      "Journal of Computer and System Sciences",
  year =         "1998",
  volume = "56",
  number = "2",
  pages = "191-208",
}

@article{ss-ibacp-99,
  author =       "R. E. Schapire and Y. Singer",
  title =        "Improved boosting algorithms using confidence-rated
                 predictions",
  journal =    "Machine Learning",
  year =         "1999",
  volume = "37",
  number = "3",
  pages = "297-336",
}

@article{hkw-spisglf-98,
  author =       "D. Haussler and J. Kivinen and M. K. Warmuth",
  title =        "Sequential prediction of individual sequences under general loss functions",
  journal =      "IEEE Transactions on Information Theory",
  year =         "1998",
  note =         "to appear.  Short versions in EuroCOLT '93 and EuroCOLT '95",
}

@book{sb-rli-98,
  author = "R. S. Sutton and A. G. Barto",
  title = "Reinforcement Learning: An Introduction",
  publisher = "MIT Press",
  year = {1998},
}

@article{mmrts-ikla-01,
  author = "K.-R. Muller and S. Mika and G. Ratsch and K. Tsuda and B. {Sch\"{o}lkopf}",
  title = "An introduction to kernel-based learning methods",
  journal = "IEEE Transactions on Neural Networks",
  volume="12",
  number="2",
  pages="181-201",
  year = {2001},
}

@book{ss-lk-02,
  author = "B. {Sch\"{o}lkopf} and A. J. Smola",
  title = "Learning with Kernels: Support Vector Machines, Regularization,
Optimization, and Beyond",
  publisher = "MIT Press",
  year = {2002},
}

@book{cs-isvm-00,
  author = "N. Cristianini and J. Shawe-Taylor",
  title = "An Introduction to Support Vector Machines and Other Kernel-Based
Learning Methods",
  publisher = "Cambridge University Press",
  year = {2000},
}

@book{v-slt-98,
  author = {V. Vapnik},
  title = {Statistical Learning Theory},
  publisher = {John Wiley and Sons},
  year = {1998},
  series = {Adaptive and Learning Systems for Signal Processing,
Communications, and Control},
  address = {New York},
}

@book{dgl-aptpr-96,
  author = {L. Devroye and L. Gy\"{o}rfi and G. Lugosi},
  title = {A Probabalistic Theory of Pattern Recognition},
  publisher = {Springer-Verlag},
  year = {1996},
  series = {Applications of Mathematics},
  address = {New York},
}

@InProceedings{lb-qlcwp-92,
  author =       "K.J. Lang and E.B. Baum",
  title =        "Query learning can work poorly when a
                  human oracle is used",
  booktitle =    "IJCNN International Joint Conference on Neural
		  Networks",
  publisher =    "IEEE",
  year =         "1992",
  pages =        "?--?"
}

@InProceedings{cl-spisrse-98,
  author =       "N. Cesa-Bianchi and G. Lugosi",
  title =        "On sequential prediction of individual sequences relative to a set of experts",
  booktitle =    "Proceedings of the Eleventh Annual Conference on Computational Learning Theory",
  publisher =    "ACM",
  year =         "1998",
  pages =        "1-11",
}


@book{kv-iclt-94,
author=         {M.J. Kearns and U.V. Vazirani},
title=          {An Introduction to Computational Learning Theory},
publisher=      {MIT Press},
year=           1994,
address=        {Cambridge, Massachusetts}
}

@book{la-lgbd-88,
  author = {P.D. Laird},
  title = {Learning from Good and Bad Data},
  publisher = {Kluwer Academic Publishers},
  year = {1988},
  series = {Kluwer international series in engineering and computer science},
  address = {Boston},
  comment = {His PhD thesis in book form}
}

@article{ggs-plodp-96,
  author = "P. Goldberg and S. A. Goldman and S. D. Scott",
  title = "{PAC} Learning of One-Dimensional Patterns",
  journal = "Machine Learning",
  volume =       "25",
  number =       "1",
  month =        oct,
  year =         "1996",
  pages =      "51--70",
}

@article{skp-omaurhdm-99,
  author =       "D.-G. Sim and O.-K. Kwon and R.-H. Park",
  title =        "Object matching algorithms using robust {H}ausdorff distance
measures",
  year =         "1999",
  journal = "IEEE Transactions on Image Processing",
  volume  = "8",
  number = "3",
  pages="425-429",
}

@article{hkr-cihd-93,
  author =       "D. P. Huttenlocher and G. A. Klanderman and W. J. Rucklidge",
  title =        "Comparing images using the {H}ausdorff distance",
  year =         "1993",
  journal = "{IEEE} Transactions on Pattern Analysis and Machine Intelligence",
  volume="15",
  month="September",
  pages="850-863",
}

@techreport{hr-mtciuhd-92,
  author =       "D. P. Huttenlocher and W. J. Rucklidge",
  title =        "A multi-resolution technique for comparing images using the
{H}ausdorff distance",
  year =         "1992",
  institution = "Dept. of Computer Science, Cornell University",
  number = "92-1321",
}

@techreport{gs-mlfgc-99,
  author =       "S. A. Goldman and S. D. Scott",
  title =        "Multi-instance learning of fuzzy geometric concepts",
  year =         "1999",
  institution = "Dept. of Computer Science, University of Nebraska",
  number = "UNL-CSE-99-006",
}

@article{gs-mlrgc-03,
  author =       "S. A. Goldman and S. D. Scott",
  title =        "Multiple-instance learning of real-valued geometric patterns",
  year =         "2003",
  journal = "Annals of Mathematics and Artificial Intelligence",
  volume="39",
  number="3",
  pages="259-290",
  month="November",
}

@techreport{b-bp-94,
  author =       "L. Breiman",
  title =        "Bagging predictors",
  year =         "1994",
  institution = "Dept. of Statistics, University of California-Berkeley",
  number = "421",
  month = "September",
}

@techreport{b-bvac-96,
  author =       "L. Breiman",
  title =        "Bias, variance, and arcing classifiers",
  year =         "1996",
  institution = "Statistics Department, Unversity of California at Berkeley",
  number = "460",
}

@inproceedings{gw-lhlam-98,
  author =       "C. Gentile and M. K. Warmuth",
  title =        "Linear Hinge Loss and Average Margin",
  booktitle =    "Advances in Neural Information Processing Systems 11",
  year =         "1998",
  pages="225-231",
}

@inproceedings{s-gpaa-00,
  author =       "S. Scott",
  title =        "Geometric Patterns: Algorithms and Applications",
  booktitle =    "Proceedings of the ICML 2000 Workshop on Machine Learning of
                    Spatial Knowledge",
  year =         "2000",
  pages="109-115",
}

@inproceedings{tx-bbp-00,
  author =       "C. Tamon and J. Xiang",
  title =        "On the boosting pruning problem",
  booktitle =    "Proceedings of the Eleventh European Conference on Machine Learning",
  year =         "2000",
  pages = "404-412",
  publisher = "Springer-Verlag",
}

@inproceedings{fms-appm-00,
  author =       "Y. Freund and Y. Mansour and R. E. Shapire",
  title =        "Analysis of a pseudo-{B}ayesian prediction method",
  booktitle =    "Proceedings of the 2000 Conference on Information Sciences
                  and Systems",
  year =         "2000",
  month = "March",
}

@inproceedings{bjt-mepdmquud-99,
  author =       "N. H. Bshouty and J. Jackson and C. Tamon",
  title =        "More efficient {PAC}-learning of {DNF} with membership
queries under the uniform distribution",
  booktitle =    "Proceedings of the Twelfth Annual Conference on
                  Computational Learning Theory",
  year =         "1999",
  pages = "286-295",
}

@article{bjt-mepdmquud-04,
  author =       "N. H. Bshouty and J. Jackson and C. Tamon",
  title =        "More efficient {PAC}-learning of {DNF} with membership
queries under the uniform distribution",
  journal =    "Journal of Computer and System Sciences",
  volume="68",
  year =         "2004",
pages="205-234",
}

@inproceedings{bkks-sreluav-98,
  author =       "A. Birkendorf and E. Dichterman and N. Klasner and H. U. Simon",
  title =        "Structural results about exact learning with unspecified
attribute values",
  booktitle =    "Proceedings of the Eleventh Annual Conference on
                  Computational Learning Theory",
  year =         "1998",
  pages = "144-153",
}

@inproceedings{bw-lpuav-99,
  author =       "N. H. Bshouty and D. K. Wilson",
  title =        "On learning in the presence of unspecified attribute values",
  booktitle =    "Proceedings of the Twelfth Annual Conference on
                  Computational Learning Theory",
  year =         "1999",
  pages = "81-87",
}

@inproceedings{gs-mlbecc-99,
  author =       "V. Guruswami and A. Sahai",
  title =        "Multiclass learning, boosting, and error-correcting codes",
  booktitle =    "Proceedings of the Twelfth Annual Conference on
                  Computational Learning Theory",
  year =         "1999",
  pages = "145-155",
}

@inproceedings{tw-pnwbppdg-99,
  author =       "E. Takimoto and M. Warmuth",
  title =        "Predicting nearly as well as the best pruning of a planar
decision graph",
  booktitle =    "Proc. of the Tenth International Conference on
Algorithmic Learning Theory",
  year =         "1999",
}

@article{tw-pnwbppdg-02,
  author =       "E. Takimoto and M. Warmuth",
  title =        "Predicting nearly as well as the best pruning of a planar
decision graph",
  journal =    "Theoretical Computer Science",
  year =         "2002",
  volume = "288",
  number="2",
  pages ="217-235",
}

@techreport{gks-algp-98,
  author =       "S. A. Goldman and S. K. Kwek and S. D. Scott",
  title =        "Agnostic learning of geometric patterns",
  institution =  "Washington University in St. Louis",
  number =       "WUCS-98-27",
  year =         "1998",
  note = "Early version in COLT '97",
}

@techreport{cls-eawsemt-03,
  author =       "D. Chawla and L. Li and S. D. Scott",
  title =        
"On Approximating Weighted Sums with Exponentially Many Terms",
institution =  "University of Nebraska",
  year =         "2003",
number = "TR03-02-02",
note = "Early version in COLT '01",
}

@article{cls-eawsemt-04,
  author =       "D. Chawla and L. Li and S. D. Scott",
  title =        "On Approximating Weighted Sums with Exponentially Many Terms",
journal =  "Journal of Computer and System Sciences",
  year =         "2004",
volume="69",
number="2",
pages="196-234",
}

@InProceedings{cls-eawsemt-01,
  author =       "D. Chawla and L. Li and S. D. Scott",
  title =        "Efficiently approximating weighted sums with exponentially
                  many terms",
  booktitle =    "Proceedings of the Fourteenth Annual Conference on Computational Learning Theory",
  year =         "2001",
  pages =        "82-98",
}

@InProceedings{gks-leuav-97,
  author =       "S. A. Goldman and S. S. Kwek and S. D. Scott",
  title =        "Learning from examples with unspecified attribute values",
  booktitle =    "Proc. 10th Annu. Conf. on Comput. Learning Theory",
  publisher =    "ACM Press, New York, NY",
  year =         "1997",
  pages =        "231--242",
}

@article{gks-algp-01,
  author =       "S. A. Goldman and S. K. Kwek and S. D. Scott",
  title =        "Agnostic learning of geometric patterns",
  journal =  "Journal of Computer and System Sciences",
  volume = "6",
  number = "1",
  year = "2001",
  month="February",
  pages = "123-151",
}

@article{gks-algp-00,
  author =       "S. A. Goldman and S. K. Kwek and S. D. Scott",
  title =        "Agnostic learning of geometric patterns",
  journal =  "Journal of Computer and System Sciences",
  volume = "6",
  number = "1",
  year = "2001",
  month="February",
  pages = "123-151",
}

@article{gks-leuav-00,
  author =       "S. A. Goldman and S. K. Kwek and S. D. Scott",
  title =        "Learning from examples with unspecified attribute values",
  journal =  "Information and Computation",
  year = "2003",
  volume="180",
  number="2",
  pages="82-100",
}

@techreport{gks-leuav-98,
  author =       "S. A. Goldman and S. K. Kwek and S. D. Scott",
  title =        "Learning from examples with unspecified attribute values",
  institution =  "Washington University in St. Louis",
  number =       "WUCS-98-28",
  year =         "1998",
  note = "Early version in COLT '97",
}

@techreport{gs-tesnalgp-97,
  author =       "S. A. Goldman and S. D. Scott",
  title =        "A Theoretical and Empirical Study of a Noise-Tolerant
                    Algorithm to Learn Geometric Patterns",
  institution =  "Washington University in St. Louis",
  number =       "WUCS-97-20",
  year =         "1997",
}

@article{gs-tesnalgp-99,
  author =       "S. A. Goldman and S. D. Scott",
  title =        "A Theoretical and Empirical Study of a Noise-Tolerant
                    Algorithm to Learn Geometric Patterns",
  journal =  "Machine Learning",
  year =         "1999",
  
  volume =       "37",
  number =       "1",
  month =        "October",
  pages =      "5-49",
}

@incollection{g-acb-83,
  author = {P. M. Gruber},
  editor = {P. M. Gruber and J. M. Willis},
  title = {Approximation of Convex Bodies},
  booktitle = {Convexity and its Applications},
  publisher = {Brikh\"{a}user Verlag},
  year = {1983},
}

@article{htpwr-ibh-92,
  author = "J. Hong and X. Tan and B. Pinette and R. Weiss and E. Riseman",
  title = "Image-based Homing",
  journal = "IEEE Control Systems Magazine",
  volume =       "12",
  number =       "1",
  year =         "1992",
  pages =      "38--45"
}

@article{ll-qnmr-90,
  author = "T. Levitt and D. Lawton",
  title = "Qualitative navigation for mobile robots",
  journal = "Artificial Intelligence",
  volume =       "44",
  number =       "3",
  year =         "1990",
  pages =      "305--360"
}

@article{sa-vcamrbsmpl-88,
  author = "H. Suzuki and S. Arimoto",
  title = "Visual control of autonomous mobile robot based on self-organizing
             model for pattern learning",
  journal = "Journal of Robotic Systems",
  volume =       "5",
  number =       "5",
  year =         "1988",
  pages =      "453--470"
}

@PhdThesis{p-ibntlse-93,
  author =       "B. Pinette",
  title =        "Image-Based Navigation Through Large-Scaled Environments",
  school =       "University of Massachusetts, Amherst",
  year =         "1993"
}

@PhdThesis{g-plgf-92,
  author =       "Paul Goldberg",
  title =        "{PAC} Learning Geometrical Figures",
  school =       "University of Edinburgh",
  year =         "1992"
}

@InProceedings{akmw-ldtnncfhn-96,
  author =       "Peter Auer and Stephen Kwek and Wolfgang Maass and Manfred K.
Warmuth",
  title =        "Learning of Depth Two Neural Nets with Constant Fan-in at the
Hidden Nodes",
  booktitle =    "Proc. 9th Annu. Conf. on Comput. Learning Theory",
  publisher =    "ACM Press, New York, NY",
  year =         "1996",
  pages =        "333-344",
}

@inproceedings{djll-cdrtddap-94,
  author =       "T. G. Dietterich and A. N. Jain and R. H. Lathrop and T.  Lozano-Perez",
  title =        "A Comparison of dynamic reposing and tangent distance for
                  drug activity prediction",
  booktitle =      "Proceedings of NIPS 6",
  year =         "1994",
  pages="216--223",
}

@article{jdlccbwl-csmltdd-94,
  author =       "A. N. Jain and T. G. Dietterich and R. H. Lathrop and
                  D.  Chapman and R. E. Critchlow and B. E. Bauer and
                  T. A. Webster and T. Lozano-Perez",
  title =        "Compass: A shape-based machine learning tool for drug design",
  journal =      "Journal of Computer Aided Molecular Design",
  volume = "8",
  number = "6",
  year =         "1994",
  pages="635-652",
}

@InProceedings{lt-plarrpdme-96,
  author =       "Philip M. Long and Lei Tan",
  title =        "PAC Learning Axis-aligned Rectangles with Respect to
                  Product Distributions from Multiple-instance Examples",
  booktitle =    "Proceedings of the Ninth Annual ACM Conference on
                 Computational Learning Theory",
  publisher =    "ACM Press, New York, NY",
  year =         "1996",
  pages =        "228-234",
}

@Article{pbh-clhcwd-90,
  author =       "B. W. Porter, R. Bareiss and R. Holte",
  title =        "Concept learning and heuristic classifcation in weak-theory domains",
  journal =      "Artificial Intelligence",
  volume =       "45",
  year =         "1990",
  pages =        "229-263",
}

@InProceedings{q-uavi-89,
  author =       "J. R. Quinlan",
  title =        "Unknown attribute values in induction",
  booktitle =  "Proceedings of the 6th International Machine Learning Workshop",
  pages =        "164-168",
  year =         "1989",
}

@InProceedings{gks-algp-97,
  author =       "S. A. Goldman and S. S. Kwek and S. D. Scott",
  title =        "Agnostic learning of geometric patterns",
  booktitle =    "Proceedings of the Tenth Annual Conference on Computational Learning Theory",
  publisher =    "ACM Press, New York, NY",
  pages =        "325--333",
  year =         "1997"
}

@InProceedings{bgt-etpsmoa-97,
  author =       "D. Bertsima, D. Garmarnik, J.N. Tsitsiklis",
  title = "Estimation of time-varying parameters in statistical models: An optimization approach",
  booktitle =    "Proc. 10th Annu. Conf. on Comput. Learning Theory",
  publisher =    "ACM Press, New York, NY",
  pages =        "314--324",
  year =         "1997"
}

@InProceedings{kmmo-cranup-90,
  author =    "A. R. Karlin and M. S. Manasse and L. A. McGeoch and S. Owicki",
  title =        "Competitive randomized algorithms for non-uniform problems",
  booktitle =    "Proceedings of the First Annual ACM-SIAM Symposium on
Discrete Algorithms",
  year =         "1990",
  pages =        "301--309",
}

@Article{kmmo-cranup-94,
  author =    "A. R. Karlin and M. S. Manasse and L. A. McGeoch and S. Owicki",
  title =        "Competitive randomized algorithms for non-uniform problems",
  journal =      "Algorithmica",
  volume =       "11",
  year =         "1994",
  pages =        "542--571",
}

@Article{kmrs-csc-88,
  author = "A. R. Karlin and M. S. Manasse and L. Rudolph and D. D. Sleator",
  title =        "Competitive snoopy caching",
  journal =      "Algorithmica",
  volume =       "3",
  number = "1",
  year =         "1988",
  pages =        "79--119",
}

@InProceedings{kmrs-csc-86,
  author = "A. R. Karlin and M. S. Manasse and L. Rudolph and D. D. Sleator",
  title =        "Competitive snoopy caching",
  booktitle =    "Proceedings of the 27th Annual Symposium on Foundations
of Computer Science",
  year =         "1986",
  pages =        "244--254",
}

@article{ykly-caods-98,
  author =    "T.-H. Yeh and C.-M. Kuo and C.-L. Lei and H.-C. Yen",
  title =        "Competitive analysis of on-line disk scheduling",
  journal =    "Theory of Computing Systems",
  year =         "1998",
  volume = "31",
  number = "5",
  pages =        "491--506",
}

@InProceedings{ykly-caods-96,
  author =    "Tzuoo-Hawn Yeh and Cheng-Ming Kuo and Chin-Laung Lei
                 and Hsu-Chun Yen",
  title =        "Competitive analysis of on-line disk scheduling",
  booktitle =    "Proceedings of the 7th Internation Symposium on Algorithms
                   and Computation",
  year =         "1996",
  pages =        "356--365",
}

@InProceedings{dgs-tdadtp-98,
  author =       "D. Dooly and S. Goldman and S. Scott",
  title =        "{TCP} dynamic acknowledgment delay: Theory and practice",
  booktitle =    "Proceedings of the Thirtieth Annual ACM Symposium on
                  Theory of Computing",
  publisher =    "ACM",
  year =         "1998",
  pages = "389-398",
}

@article{dgs-tdadtp-01,
  author =       "D. Dooly and S. Goldman and S. Scott",
  title =        "On-line analysis of the {TCP} acknowledgment delay problem",
  journal =    "Journal of the ACM",
  year = "2001",
  month = "March",
  volume="48",
  number="2",
  pages="243-273",
}

@Article{hw-tbe-98,
  author = "M. Herbster and M. K. Warmuth",
  title =        "Tracking the Best Expert",
  journal =      "Machine Learning",
  year =         "1998",
  month = "August",
  volume = "32",
  number = "2",
  pages = "151-178",
}

@book{a-pd-83,
  author = {B. Arnold},
  title = {Pareto Distributions},
  publisher = {International Cooperative Publishing House},
  address = "Maryland",
  year = {1983},
}

@misc{al-gpdaid-77,
  author = {B. Arnold and L. Laguna},
  title = {On generalized {P}areto distributions with applications to income
           data},
 howpublished = "{\em International Studies in Economics Monograph Number 10},",
  publisher = {Department of Economics, Iowa State University},
  year = {1977},
}

@InProceedings{hls-ddsdtmc-96,
  author =       "D. P. Helmbold and D. D. E. Long and B. Sherrod",
  title =        "A dynamic disk spin-down technique for mobile computing",
  booktitle =    "Proceedings of the Second Annual ACM International
                  Conference on Mobile Computing and Networking",
  publisher =    "ACM",
  year =         "1996",
  pages = "130--142",
}

@book{k-oosose-93,
  author = {S. Kauffman},
  title = {The Origins of Order: Self-Organization and Selection in Evolution},
  publisher = {Oxford University Press},
  year = {1993},
}

@article{m-nmse-63,
  author = "B. Mandelbrot",
  title = "New Methods in Statistical Economics",
  journal = "Journal of Political Economy",
  volume =       "71",
  number =       "5",
  year =         "1963",
  month = "October",
  pages =      "421-440"
}

@incollection{a-pd-85,
author="B. Arnold",
title="Pareto Distribution",
editor="S. Kotz and N. Johnson",
booktitle="Encyclopedia of Statistical Sciences",
pages="568-574",
volume="6",
year="1985",
publisher="John Wiley \& Sons"
}

@article{b-eswwmarcsd-97,
  author = "A. Blum",
  title = "Empirical Support for Winnow and Weighted-Majority Algorithms:
Results on a Calendar Scheduling Domain",
  journal = "Machine Learning",
  volume =       "26",
  number =       "1",
  year =         "1997",
  month = "January",
  pages =      "5-23"
}

@article{cfhhsw-huea-98,
  author = "N. Cesa-Bianchi and Y. Freund and D. Helmbold and D. Haussler and
            R. Schapire and M. Warmuth",
  title = "How to use expert advice",
  journal = "Journal of the ACM",
  year = "1997",
  volume = "44",
  number = "3",
  pages = "427-485",
}

@article{hkw-twclbpea-98,
  author = "D. Haussler and J. Kivinen and M. Warmuth",
  title = "Tight worst-case loss bounds for predicting with expert advice",
  journal = "IEEE Transactions on Information Theory",
  note = "To appear.  Short version in EuroCOLT '95",
  year = "1998",
}

@InProceedings{fssw-ucps-97,
  author =       "Y. Freund and R. Schapire and Y. Singer and M. Warmuth",
  title =        "Using and combining predictors that specialize",
  booktitle =    "Proceedings of the Twenty-Ninth Annual ACM Symposium on
                  Theory of Computing",
  publisher =    "ACM",
  year =         "1997",
  pages = "334--343"
}

@InProceedings{favbma-99,
  author =       "Y. Freund",
  title =        "An adaptive version of the boost by majority algorithm",
  booktitle =    "Proceedings of the Twelfth Annual Conference on
                  Computational Learning Theory",
  publisher =    "ACM",
  year =         "1999",
  pages = "102-113",
}

@article{ap-bipp-83,
  author = "B. Arnold and S. Press",
  title = "Bayesian inference for {P}areto populations",
  journal = "Journal of Econometrics",
  volume =       "21",
  year =         "1983",
  pages =      "287-306"
}

@article{ap-beppd-89,
  author = "B. Arnold and S. Press",
  title = "Bayesian estimation and prediction for {P}areto data",
  journal = "Journal of the American Statistical Association",
  volume =       "84",
  number={408},
  year =         "1989",
  pages =      "1079-1084"
}

@incollection{ap-bacgdpp-86,
author="B. Arnold and S. Press",
title="Bayesian analysis of censored or grouped data from {P}areto populations",
editor="P. Goel and A. Zellner",
booktitle="Bayesian Inference and Decision Techniques",
pages="157-173",
chapter="11",
year="1986",
publisher="Elsevier Science Publishers"
}

@article{r-ccgfotr-92,
author="Renegar, J.",
title="On the computational complexity and geometry of the first-order theory
of the reals:  Part 1 (of 3)",
journal="Journal of Symbolic Computation",
volume="13",
year="1992",
}

@book{gj-cigtnc-79,
author="Garey, M. R. and Johnson, D. S.",
title="Computers and Intractability: A Guide to the Theory of
{NP}-Completeness",
publisher="W. H. Freeman",
year="1979",
}

@article{ks-edlpc-94b,
author="Kearns, M. and Schapire, R.",
title="Efficient distribution-free learning of probabilistic concepts",
journal="Journal of Computer and System Sciences",
volume="48",
number="3",
year="1994",
pages="464-497",
}

@article{bcgs-lubq-98,
author="A. Blum and P. Chalasani and S. Goldman and D. Slonim",
title="Learning with unreliable boundary queries",
journal="Journal of Computer and System Sciences",
volume="56",
number="2",
year="1998",
pages="209-222",
}

@article{st-aelupr-85,
author="D. Sleator and R. Tarjan",
title="Amortized efficiency of list update and paging rules",
journal="Communications of the {ACM}",
volume="28",
number="2",
year="1985",
pages="202-208",
}

@article{bls-ooamts-92,
author="A. Borodin and N. Linial and M. Saks",
title="An optimal online algorithm for metrical task systems",
journal="Communications of the {ACM}",
volume="39",
number="4",
year="1992",
pages="745-763",
}

@article{als-ahlps-98,
  author =       "P. Auer and P. M. Long and A. Srinivasan",
  title =        "Approximating hyper-rectangles: Learning and pseudo-random
                  sets",
  journal="Journal of Computer and System Sciences",
  volume="57",
  number="3",
  year="1998",
  pages="376-388",
  publisher =    "Harcourt, Inc.",
}

@article{db-smlpeoc-95,
author="T. G. Dietterich and G. Bakiri",
title="Solving multiclass learning problems via error-correcting output codes",
journal="Journal of Artificial Intelligence Research",
volume="2",
year="1995",
pages="263-286",
month="January",
}

@inproceedings{s-uocbmlp-97,
  author =       "R. E. Schapire",
  title =        "Using output codes to boost multiclass learning problems",
  booktitle =    "Machine Learning: Proceedings of the Fourteenth International
                  Conference (ICML '97)",
  year =         "1997",
  publisher =    "Morgan Kaufmann",
  pages =        "313-321"
}

@techreport{b-cetsmla-91,
  author =       "G. Bakiri",
  title =        "Converting {E}nglish text to speech: A machine learning
                approach",
  institution =  "Oregon State University",
  number =       "91-30-2",
  year =         "1991",
  address = "Corvallis, OR",
}

@inproceedings{db-ecocgmimilp-91,
author="T. G. Dietterich and G. Bakiri",
title="Error-correcting output codes: A general method for improving
      multiclass inductive learning programs",
  booktitle =    "Proceedings of AAAI '91",
  year =         "1991",
  publisher =    "AAAI Press/MIT Press",
  pages =        "572-577",
}

@incollection{wd-iprbfnlcl-92,
author="D. Wettschereck and T. G. Dietterich",
title="Improving the performance of radial basis function networks by learning
center locations",
editor="J. E. Moody and S. J. Hanson and R. P. Lippmann",
booktitle="Advances in Neural Information Processing Systems, 4",
pages="1133-1140",
year="1992",
publisher="Morgan Kaufmann",
address="San Francisco, CA",
}

@article{aw-tbd-98,
  author =       "P. Auer and M. Warmuth",
  title =        "Tracking the best disjunction",
  journal =    "Machine Learning",
  publisher =    "Kluwer Academic Publishers",
  address = "Boston",
  year =         "1998",
  month = "August",
  volume = "32",
  number = "2",
  pages = "127-150",
}

@article{kwa-pavwlvl-98,
  author =       "J. Kivinen and M. K. Warmuth and P. Auer",
  title =        "The perceptron algorithm vs. {W}innow: Linear vs.
                 logarithmic mistake bounds when few input variables are
                 relevant",
  journal =    "Artificial Intelligence",
  year =         "1997",
  volume = "97",
  number = "1-2",
  pages = "325-343",
}

@article{mw-elvtg-98,
  author =       "W. Maass and M. K. Warmuth",
  title =        "Efficient learning with virtual threshold gates",
  journal =    "Information and Computation",
  year =         "1998",
  volume = "141",
  number = "1",
  pages = "66-83",
}

@inproceedings{g-obpl-95,
author="E. F. Grove",
title="Online bin packing with lookahead",
  booktitle =    "Proceedings of the Sixth Annual ACM-SIAM Symposium on
Discrete Algorithms",
  year =         "1995",
  pages =        "430-436",
}

@phdthesis{m-la-98,
author="O. Maron",
title="Learning from Ambiguity",
school="Dept. of Electrical Engineering and Computer Science, M.I.T.",
  year =         "1998",
 month="June",
}

@mastersthesis{h-bippca-99,
author="C. Huo",
title="Biomedical Image Processing Using Principal Component Analysis",
school="Dept. of Computer Science and Engineering, University of Nebraska",
  year =         "1999",
 month="May",
}

@inproceedings{hw-tbr-98,
author="M. Herbster and M. K. Warmuth",
title="Tracking the best regressor",
  booktitle =    "Proceedings of the Eleventh Annual Conference on
Computational Learning theory",
  year =         "1998",
  pages =        "24-31",
}

@inproceedings{bm-lefgobs-98,
author="J. A. Boyan and A. W. Moore",
title="Learning evaluation functions for global optimization and boolean
satisfiability",
  booktitle =    "Proceedings of the Fifteenth National Conference on Artificial Intelligence",
  year =         "1998",
  pages =        "3-10",
}

@PhdThesis{s-ealtpmdatad-98,
  author =       "S. D. Scott",
  title =        "Exploring Applications of Learning Theory to
Pattern Matching and Dynamic Adjustment of TCP Acknowledgment Delays",
  school =       "Washington University in St. Louis",
  year =         "1998",
  month="August",
}

@misc{Blake+Keogh+Merz:1998 ,
    author = "C. Blake and E. Keogh and C. J. Merz",
    year = "1999",
    title = "{UCI} Repository of machine learning databases",
    note = "\verb+http://www.ics.uci.edu/~mlearn/MLRepository.html+",
    institution = "University of California, Irvine, Dept. of Information and
Computer Sciences" 
    } 

@misc{Blake+Keogh+Merz:2003 ,
    author = "C. Blake and E. Keogh and C. J. Merz",
    year = "2003",
    title = "{UCI} Repository of machine learning databases",
    note = "\verb+http://www.ics.uci.edu/~mlearn/MLRepository.html+",
    institution = "University of California, Irvine, Dept. of Information and
Computer Sciences" 
    } 

@misc{Blake+Keogh+Merz:2004 ,
    author = "C. Blake and E. Keogh and C. J. Merz",
    year = "2004",
    title = "{UCI} Repository of machine learning databases",
    note = "\verb+http://www.ics.uci.edu/~mlearn/MLRepository.html+",
    institution = "University of California, Irvine, Dept. of Information and
Computer Sciences" 
    } 

@misc{Blake+Keogh+Merz:2005 ,
    author = "C. Blake and E. Keogh and C. J. Merz",
    year = "2005",
    title = "{UCI} Repository of machine learning databases",
    note = "\verb+http://www.ics.uci.edu/~mlearn/MLRepository.html+",
    institution = "University of California, Irvine, Dept. of Information and
Computer Sciences" 
    } 

@inproceedings{dc-bdt-96,
  author =       "H. Drucker and C. Cortes",
  title =        "Boosting decision trees",
  booktitle =    "Advances in Neural Information Processing Systems 8",
  year =         "1996",
  pages =        "479-485"
}

@inproceedings{q-bbc-96,
  author =       "J. R. Quinlan",
  title =        "Bagging, boosting, and {C4.5}",
  booktitle =    "Proceedings of the Thirteenth National Conference on
                  Aritificial Intelligence",
  year =         "1996",
  pages =        "725-730"
}

@article{kw-egvgdlp-97,
  author =       "J. Kivinen and M. K. Warmuth",
  title =        "Exponentiated gradient versus gradient descent for
                 linear predictors",
  journal =    "Information and Computation",
  year =         "1997",
  pages =        "1-63",
  volume = "132",
  number = "1",
}

@InProceedings{hkw-wlbsln-96,
  author =       "D. P. Helmbold and J. Kivinen and M. K. Warmuth",
  title =        "Worst-Case Loss Bounds for Sigmoided Linear Neurons",
  booktitle =    "Proc. 1996 Neural Information Processing Conference",
  pages =         "309-315",
  year =         "1996",
}

@TechReport{hkw-wlbsn-96b,
  author =       "D. P. Helmbold and J. Kivinen and M. K. Warmuth",
  title =        "Worst-case Loss Bounds for Single Neurons",
  number =       "UCSC-CRL-96-2",
  institution =  "Univ. of Calif. Computer Research Lab",
  address =      "Santa Cruz, CA",
  year =         "1996",
  note =         "Early version in NIPS 8, 1996",
}

@InProceedings{kw-rlbmrp-97,
  author =       "J. Kivinen and M. K. Warmuth",
  title =        "Relative loss bounds for multidimensional regression
                 problems",
  booktitle =    "Proc. 1997 Neural Information Processing Conference",
  pages =         "287-293",
  year =         "1997",
}

@InProceedings{wj-cdngdrlbc-97,
  author =       "M. K. Warmuth and A. K. Jagota",
  title =        "Continuous and discrete-time nonlinear gradient descent:
relative loss bounds and convergence",
  booktitle =    "Proc. Fifth International Symposium on Artificial
Intelligence and Mathematics",
  year =         "1997",
}

@Article{clw-wqlbopl-96,
  author =       "N. Cesa-Bianchi and P. Long and M. K. Warmuth",
  title =        "Worst-case quadratic loss bounds for 
                 prediction using linear functions and gradient descent",
  journal =      "IEEE Transactions on Neural Networks",
  year =         "1996",
  volume = "7",
  pages = "604-619",
}

@article{bggm-eldgc-98,
  author =       "N. Bshouty and P. W. Goldberg and S. A. Goldman and H.
                 D. Mathias",
  title =        "Exact Learning of Discretized Geometric Concepts",
  journal =       "{SIAM} Journal of Computing",
  year =         "1999",
  volume = "28",
  number="2",
  pages="674-699",
}

@article{fsahdghlpsy-qivcqs-95,
  author =       "M. Flickner and H. S. Sawhney and J. Ashley and Q. Huang
   and B. Dom and M. Gorkani and J. Hafner and D. Lee and D. Petkovic and
   D. Steele and P. Yanker",
  title =        "Query by image and video content: The {QBIC} system",
  journal =       "{IEEE} Computer",
  year =         "1995",
  volume = "28",
  pages="23-32",
}

@inproceedings{lgs-ccsc-97,
  author =       "P. Lipson and E. Grimson and P. Sinha",
  title =        "Context and configuration-based scene classification",
  booktitle =       "Computer Vision and Pattern Recognition",
  year =         "1997",
}

@inproceedings{bfghhhjs-viseofim-96,
  author =       "J. Bach and C. Fuller and A. Gupta and A. Hampapur and
   B. Horowitz and R. Humphrey and R. Jain and C. Shu",
  title =        "Virage image search engine: an open framework for image
management",
  booktitle =       "Symposium on Electronic Imaging: Science and
Technology---Storage and Retrieval of Image and Video Databases",
  year =         "1996",
  volume = "4",
  pages="76-87",
}

@inproceedings{sc-vfaciqs-96,
  author =       "J. Smith and S. Chang",
  title =        "Visualseek: {A} fully automated content-based image query
system",
  booktitle =       "Proceedings of the ACM International Conference on
Multimedia",
  year =         "1996",
}

@Article{bb-nmsoa-94,
  author = "S. Ben-David and A. Borodin",
  title =        "A new measure for the study of on-line algorithms",
  journal =      "Algorithmica",
  volume =       "11",
  year =         "1994",
  pages =        "73--91"
}

@book{b-dp-57,
  author = "R. Bellman",
  title = "Dynamic Programming",
  publisher = "Princeton University Press",
  year = {1957},
}

@book{m-ml-97,
  author = "T. Mitchell",
  title = "Machine Learning",
  publisher = "McGraw-Hill Publishing Company",
  year = {1997},
}

@inproceedings{adgz-mlrd-01,
  author =       "R. A. Amar and D. R. Dooly and S. A. Goldman and Q. Zhang",
  title =        "Multiple-instance learning of real-valued data",
  booktitle =    "Proceedings of the Eighteenth International Conference on
Machine Learning",
  year =         "2001",
  pages="3-10",
}

@article{dzga-mlrd-02,
  author =       "D. R. Dooly and Q. Zhang and S. A. Goldman and R. A. Amar",
  title =        "Multiple-instance learning of real-valued data",
  journal =    "Journal of Machine Learning Research",
  year =         "2002",
  volume = "3",
  number = "Dec",
  pages="651-678",
}

@techreport{zg-eimlt-01b,
  author =       "Q. Zhang and  S. A. Goldman",
  title =        "{EM-DD}: An improved multiple-instance learning technique",
  institution =  "Washington University in St. Louis",
  number =       "WUCS-01-17",
  year =         "2001",
  month = "July",
}

@inproceedings{zg-eimlt-01,
  author =       "Q. Zhang and  S. A. Goldman",
  title =        "{EM-DD}: An improved multiple-instance learning technique",
  booktitle =    "Neural Information Processing Systems 14",
  year =         "2001",
pages="1073-1080",
}

@phdthesis{r-lsmidtcsa-00,
author="G. Ruffo",
title="Learning single and multiple instance decision trees for computer
security applications",
school="Dept. of Computer Science, University of Turin, Torino, Italy",
  year =         "2000",
}

@inproceedings{rp-mir-01,
  author =       "S. Ray and D. Page",
  title =        "Multiple instance regression",
  booktitle =    "Proceedings of the Eighteenth International Conference on
Machine Learning",
  year =         "2001",
  pages="425-432",
}

@article{q-icac-96,
  author =       "J. R. Quinlan",
  title =        "Improved use of continuous attributes in {C}4.5",
  journal =    "Journal of Artificial Intelligence Research",
  year =         "1996",
  pages =        "77-90",
  volume="4",
}

@article{er-gemna-99,
  author =       "T. Elomaa and F. Rousu",
  title =        "General and Efficient Multisplitting of
          Numerical Attributes",
  journal =    "Machine Learning",
  year =         "1999",
  pages =        "201-244",
  volume="36",
  number="3",
  month="September",
}

@article{krs-evcbkola-05,
  author =       "R. Khardon and D. Roth and R. Servedio",
  title =        "Efficiency versus Convergence of Boolean Kernels for Online
Learning Algorithms",
  journal =    "Journal of Artificial Intelligence Research",
  volume="24",
  number="Sep",
  year =         "2005",
  pages = "341-356",
}

@inproceedings{krs-evcbkola-01,
  author =       "R. Khardon and D. Roth and R. Servedio",
  title =        "Efficiency versus Convergence of Boolean Kernels for Online
Learning Algorithms",
  booktitle =    "Advances in Neural Information Processing Systems 14",
  year =         "2001",
  pages = "423-430",
}

@article{ks-mmabk-05,
  author =       "R. Khardon and R. Servedio",
  title =        "Maximum margin algorithms with boolean kernels",
  journal =    "Journal of Machine Learning Research",
  volume="6",
  year =         "2005",
  pages = "1405-1429",
}

@book{bb-cv-82,
  author = "D. H. Ballard and C. M. Brown",
  title = "Computer Vision",
  publisher = "Prentice Hall",
  year = {1982},
}

@inproceedings{s-pmi-98,
  author =       "W. S. Sarle",
  title =        "Prediction with missing inputs",
  booktitle =    "Proceedings of the Joint Conference on Information Sciences",
  volume="II",
  year =         "1998",
  pages="399-402",
  editor="P. P. Wang",
}

@article{d-astcscla-98,
  author =       "T. G. Dietterich",
  title =        "Approximate Statistical Tests for Comparing Supervised
Classification Learning Algorithms",
  journal =    "Neural Computation",
  year =         "1998",
  pages =        "1895-1924",
  volume="10",
  number="7",
}

@inproceedings{lsd-caccwsr-02,
  author =       "L. Li and S. Scott and J. Deogun",
  title =        "Cost-effective approaches for circuit
construction in WDM SONET rings",
  booktitle =    "The IASTED International Conference on Wireless and Optical
Communications",
  year =         "2002",
}

@unpublished{wjsb-pipsmfad-02,
author = "J. Wise and M. Jia and S. D. Scott and A. K. Benson",
title="Phylogenetic inference and phylogeny-based sorting of microarray and
fragment analysis data",
year="in preparation",
}

@unpublished{jwsg-ipflpsc-02,
author = "H. Ji and P. Wen and S. D. Scott and  V. Gladyshev",
title="On identifying protein families with low primary sequence conservation",
year="in preparation",
}

@unpublished{cls-nepa-02,
author = "D. Chawla and C. Lueninghoener and  S. D. Scott",
title="A new ensemble pruning algorithm",
year="in preparation",
}

@unpublished{jsc-dsraawn-02,
author = "D. Jalas and S. D. Scott and  D. Chawla",
title="Dynamic selection of routing algorithms in ad-hoc wireless networks",
year="in preparation",
}


@inproceedings{s-diagdomk-02,
author = "B. {Sch\"{o}lkopf} and J. Weston and E. Eskin and C. Leslie and W. S.  Noble",
title = "A kernel approach for learning from almost orthogonal patterns",
booktitle = "Proceedings of the 13th European Conference on Machine Learning",
year = "2002",
pages =  "511-528",
}
