@Article{dll-smpar-96,
  author =       "T. G. Dietterich and R. H. Lathrop and T.  Lozano-Perez",
  title =        "Solving the Multiple-Instance Problem with Axis-Parallel
                  Rectangles",
  journal =      "Artificial Intelligence",
  year =         "1997",
  volume ="89",
  number="1--2",
  pages="31-71",
}


@Article{dgk-rmlq-06,
  author="Daniel R. Dooly and Sally A. Goldman and Stephen S. Kwek",
  title="Real-valued multiple-instance learning with queries",
  journal="Journal of Computer and System Sciences", 
  Volume="72", 
  number="1", 
  month="February",
  year="2006",
  Pages="1-15",
}


@Article{cbw-mmileis-06,
  author =       "Y. Chen and  J. Bi and J. Z. Wang",
  title =        "{MILES}: Multiple-Instance Learning
                 via Embedded Instance Selection",
  journal =      "IEEE Transactions on Pattern Analysis and Machine Intelligence",
volume="28",
number="12",
month="December",
year="2006",
  pages="1931-1947",
}

@Article{cw-iclrr-04,
  author =       "Y. Chen and J. Z. Wang",
  title =        "Image Categorization by Learning and Reasoning with Regions",
  journal =      "Journal of Machine Learning Research",
  year =         "2004",
  volume ="5",
  number="Aug",
  PAGES="913-939",
}

@Article{lt-plarrpd-98,
  author =       "Philip M. Long and Lei Tan",
  title =        "{PAC} learning axis-aligned rectangles with respect to
                 product distributions from multiple-instance examples",
  journal =      "Machine Learning",
  volume =       "30",
  year =         "1998",
  pages =        "7--21",
  number="1",
  publisher =    "Kluwer Academic Publishers, Boston",
  note =         "Earlier version in COLT96",
}

@inproceedings{ts-fagmil-04,
author = "Q. Tao and S. Scott",
title = "A faster algorithm for generalized multiple-instance learning",
booktitle="Proceedings of the 17th International Florida Artificial
Intelligence Research Society Conference {(FLAIRS)}",
year="2004",
pages="550-555",
}

@inproceedings{zzc-bgirmil-03,
author = "Z. Zhou and  M. Zhang and K. Chen",
title = "A novel bag generator for image database retrieval with multi-instance
learning techniques",
booktitle="Proceedings of the 15th {IEEE} International Conference on
Tools with Artificial Intelligence",
year="2003",
pages="565-569",
}


@inproceedings{yl-idrmlt-00,
  author =       "C. Yang and T. Lozano-P{\'{e}}rez",
  title =        "Image Database Retrieval with
                  Multiple-Instance Learning Techniques",
  booktitle =    "Proceedings of the 16th International Conference on Data
Engineering",
  year =         "2000",
  pages="233-243",
}

@inproceedings{ath-svmmil-02,
  author =       "S. Andrews and I. Tsochantaridis and T. Hofmann",
  title =        "Support vector machines for multiple-instance learning",
  booktitle =    "Advances in Neural Information Processing Systems 15",
  year =         "2002",
pages="561-568",
}

@inproceedings{wz-smplla-00,
  author =       "J. Wang and J.-D. Zucker",
  title =        "Solving the Multiple-Instance Problem: A Lazy Learning
                 Approach",
  booktitle =    "Proceedings of the Seventeenth International Conference
                  on Machine Learning",
  year =         "2000",
  pages =        "1119-1125",
}

@inproceedings{rd-mnn-00,
  author =       "Ramon, J. and de Raedt, L.",
  title =        "Multi Instance Neural Networks",
  booktitle =    "Proceedings of the ICML-2000 Workshop on Attribute-Value and
                  Relational Learning",
  year =         "2000",
}

@inproceedings{als-ahlps-97,
  author =       "P. Auer and P. M. Long and A. Srinivasan",
  title =        "Approximating hyper-rectangles: Learning and pseudo-random
                  sets",
  booktitle =    "Proceedings of the Twenty-Ninth Annual ACM Symposium on
                  Theory of Computing",
  publisher =    "ACM",
  year =         "1997",
  pages =        "314--323"
}

@InProceedings{a-lmeeeta-97,
  author =       "P. Auer",
  title =        "On learning from multi-instance examples: Empirical
                 evaluation of a theoretical approach",
  booktitle =    "Proc. 14th International Conference on Machine
                 Learning",
  publisher =    "Morgan Kaufmann",
  year =         "1997",
  pages =        "21--29",
}

@techreport{gks-algp-98,
  author =       "S. A. Goldman and S. K. Kwek and S. D. Scott",
  title =        "Agnostic learning of geometric patterns",
  institution =  "Washington University in St. Louis",
  number =       "WUCS-98-27",
  year =         "1998",
  note = "Early version in COLT '97",
}

@inproceedings{ml-fml-98,
author="O. Maron and T. Lozano-P\'{e}rez",
title="A framework for multiple-instance learning",
  booktitle =    "Advances in Neural Information Processing Systems 10",
  year =         "1998",
  pages="570-576",
}

@phdthesis{m-la-98,
author="O. Maron",
title="Learning from Ambiguity",
school="Dept. of Electrical Engineering and Computer Science, M.I.T.",
  year =         "1998",
 month="June",
}

@InProceedings{mr-mlnsc-98,
  author =       "O. Maron and A. L. Ratan",
  title =        "Multiple-instance learning for natural scene
                 classification",
  booktitle =    "Proc. 15th International Conf. on Machine Learning",
  publisher =    "Morgan Kaufmann, San Francisco, CA",
  year =         "1998",
  pages =        "341--349",
}

@Article{bk-nlme-98,
  author =       "Avrim Blum and Adam Kalai",
  title =        "A note on learning from multiple-instance examples",
  journal =      "Machine Learning",
  volume =       "30",
  year =         "1998",
  pages =        "23--29",
  publisher =    "Kluwer Academic Publishers, Boston",
}

@inproceedings{zgyf-cbirumil-02,
  author =       "Q. Zhang and S. A. Goldman and W. Yu and J. E. Fritts",
  title =        "Content-Based image retrieval using multiple-instance learning",
  booktitle =    "Proc. 19th International Conf. on Machine Learning",
  publisher =    "Morgan Kaufmann, San Francisco, CA",
  year =         "2002",
pages="682-689",
}

@inproceedings{d-avlvilpml-98,
  author =       "{De Raedt}, L.",
  title =        "Attribute-Value Learning versus inductive logic programming:
The missing links",
  booktitle =    "Proc. 8th International Conference on Inductive Logic
Programming",
  publisher =    "Springer Verlag",
  year =         "1998",
pages = "1-8",
}

@inproceedings{bps-mtl-05,
author=" H. Blockeel and  D. Page and A. Srinivasan",
title=" Multi-instance tree learning",
booktitle="Proceedings of the 22nd International Conference on Machine Learning",
  pages="57-64",
year="2005",
}

@inproceedings{ao-bamil-04,
author="P. Auer and R. Ortner",
title="A boosting approach to multiple instance learning",
booktitle="Proceedings of the 15th European Conference on Machine Learning",
pages="63-74",
year="2004",
}

@inproceedings{rc-svmlec-05,
author="S. Ray and M. Craven",
title="Supervised versus multiple-instance learning: An empirical comparison",
booktitle="Proceedings of the 22nd International Conference on Machine Learning",
pages="697-704",
year="2005",
}

@Article{szb-gml-05,
  author =       "Stephen Scott and Jun Zhang and Josh Brown",
  title =        "On generalized multiple-instance learning",
  journal =      "International Journal of Computational Intelligence and Applications",
volume="5",
number="1",
pages="21-35",
month="March",
  year =         "2005",
}

