@article{Biemann90,
	author="K. Biemann",
	chapter= "Methods in Enzymology",
	title= "Sequencing of peptides by tandem mass spectrometry and 
high-energy collision-induced dissociation",
	year=1990,
	volume=193,
	publisher="Academic Press", 
	address="San Diego, USA",
	edition="McCloskey, J.A.",
	pages="455-479"	}

@article{Chothia67,
	author="C. Chothia",
	journal="Journal of Molecular Biology",
	title="The nature of the accessible and buried surfaces in proteins",
	year=1967,
	volume=105,
	pages="1-14"	}

@article{Parker86,
	author="J.M.R. Parker and D. Guo and R.S. Hodges",
	journal="Biochemistry",
	title="New hydrophilicity scale derived from high-performance 
liquid chromatography peptide retention data: correlation of predicted 
surface residues with antigenicity and X-ray-derived accessible sites",
	year=1986,
	volume=25,
	pages="5425-5432"	}

@article{Kyte82,
	author="J. Kyte and R.F. Doolittle",
	journal="Journal of Molecular Biology",
	title="A simple method for displaying the hydropathic characters 
of a protein",
	volume = 157,
	pages="105-132"	}

@article{Eisenberg84,
	author="D. Eisenberg and E. Schwarz and M. Komaromy and R. 
Wall",
	title="Analysis of membrane surface protein sequences with the 
hydrophobic moment",
	journal="Journal of Molecular Biology",
	year=1984,
	volume=179,
	pages="125-142"		}

@article{Zimmerman68,
	author="J.M. Zimmerman and N. Eliezer and R. Simha",
	title="The characterization of amino acid sequences in proteins 
by statistical methods",
	journal = "Journal of Theoretical Biology",
	year=1968,
	volume=21,
	pages="170-201"		}

@article{Nozaki71,
	author="Y. Nozaki and C. Tanford",
	title="The solubility of amino acids and two glycine peptides in 
aqueous ethanol and dioxane solutions.  Establishment of a 
hydrophobicity scale",
	journal="Journal of Biological Chemistry",
	year=1971,
	journal=246,
	pages="2211-2217"		}

@article{Jones75,
	author="D.D. Jones",
	title="{ProtScale} Tool: Amino acid scale: Refractivity",
	journal="Journal of Theoretical biology",	
	year=1975,
	volume=50,
	pages="167-184"		}

@article{Bordo91,
	author="D. Bordo and P. Argos",
	title="Suggestions for ``safe'' residue substitutions in 
site-directed mutagenesis",
	journal="Journal of molecular biology",
	year=1991,
	volume=217,
	pages="721-729"		}

@article{Levitt78,
	author="M. Levitt",
	title="Conformational preferences of amino acids in globular 
proteins",
	journal="Biochemistry",	
	year=1978,
	volume=17,
	pages="4277-4285"	}
