
@inproceedings{lss-mlfaawpshoe-01,
  author =       "Q. F. Lin and S. Scott and S. C. Seth",
  title =        "A machine learning framework for
automatically annotating web pages with Simple {HTML} Ontology Extension ({SHOE})",
  booktitle =    "Proceedings of the International Conference on Intelligent
                  Agents, Web Technology and Internet Commerce",
  pages = "303-310",
  year =         "2001",
}

@article{hlhss-aolsw-02,
  author =       "C. N. Hammack and Q. F. Lin and H. Huang and S. D. Scott and S. C. Seth",
  title =        "Automated ontology learning for a semantic web",
  journal =    "IEEE Computer Special Issue on Web Intelligence",
  year =         "submitted",
}

@inproceedings{hhl-rblsdikw-98,
  author =       "J. Heflin and J. Hendler and S. Luke",
  title =        "Reading Between the Lines: Using SHOE to Discover
Implicit Knowledge from the Web",
  booktitle =    "Proceedings of the AAAI-98 Workshop on AI and Information
Integration",
  year =         "1998",
}


@techreport{hhl-skrlia-99,
  author =       "J. Heflin and J. Hendler and S. Luke",
  title =        "SHOE: A knowledge representation language for Internet
Applications",
  year =         "1999",
  institution = "Dept. of Computer Science, University of Maryland",
  number = "CS-TR-4078",
}

@inproceedings{hhl-aowcs-99,
  author =       "J. Heflin and J. Hendler and S. Luke",
  title =        "Applying Ontology to the Web: A Case Study",
  booktitle =    "Proceedings of the  International  Work-Conference  on
       Artificial  and Natural  Neural Networks (IWANN '99)",
  year =         "1999",
}


@mastersthesis{l-mlfaawpshoe-00,
author="Q. F. Lin",
title="A Machine  Learning Framework  for Automatically Annotating Web Pages
      with Simple {HTML} Ontology Extension ({SHOE})",
school="Dept. of Computer Science and Engineering, University of Nebraska",
  year =         "2000",
 month="May",
}

@inproceedings{qc-fmr-93,
  author =       "J. R. Quinlan and R. M. Cameron-Jones",
  title =        "{FOIL}: A midnterm report, 3-20",
  booktitle =    "Proceedings of the European Conference on Machine Learning",
  year =         "1993",
}

@misc{m-btslmtrcc-96,
author="A. K. McCallum",
title="Bow:  A  toolkit  for  statistical  language  modeling,  text retrieval,
      classification and clustering",
year="1996",
note="\verb+http://www.cs.cmu.edu/~mccallum/bow+",
}

@misc{-mlc-01,
title="{MLC}++ home page",
year="2001",
note="\verb+http://www.sgi.com/tech/mlc/+",
}

@misc{-foil-01,
title="{FOIL6}",
year="2001",
note="\verb+ftp.cs.su.oz.au/pub/foil6.sh+",
}


@Article{m-tlria-99,
  author =       "D. Mladenic",
  title =        "Text-learning and related intelligent agents: A survey",
  journal =      "IEEE Intelligent Systems",
  volume =       "14",
  year =         "1999",
number ="4",
  pages =        "44-54",
  month="July-August",
}


@inproceedings{cdfmmns-leskwww-98,
  author =       "M. Craven and D. DiPasquo and D. Freitag and A. McCallum and
                 T. Mitchell and K. Nigam and S. Slattery",
  title =        "Learning to extract symbolic knowledge from the {W}orld {W}ide {W}eb",
  booktitle =    "Proceedings of the 15th National Conference on Artificial
Intelligence (AAAI-98)",
  year =         "1998",
}

@misc{-g-02,
title="Google home page",
year="2002",
note="\verb+http://www.google.com/+",
}

@misc{-e-02,
title="Excite home page",
year="2002",
note="\verb+http://www.excite.com/+",
}

@misc{h-ska-02,
author="J. Heflin",
title="The {SHOE} knowledge annotator",
year="2002",
note="\verb+http://www.cs.umd.edu/projects/plus/SHOE/KnowledgeAnnotator.html+",
}

@misc{-sw-02,
title="Semantic Web",
year="2002",
note="\verb+http://www.w3.org/2001/sw/+",
}

@article{bhl-sw-01,
  author =       "T. Berners-Lee and J. Hendler and O. Lassila",
  title =        "The semantic web",
  journal =      "Scientific American",
  volume =       "284",
  number =       "5",
  year =         "2001",
  pages =        "34-43",
  month =        "May",
}
