@book{gw-dip-92,
  author = "R. C. Gonzalez and R. E. Woods",
  title = "Digital Image Processing",
  publisher = "Addison-Wesley",
  year = "1992",
}

@book{ns-pre-93,
  author = "M. Nadler and E. P. Smith",
  title = "Pattern Recognition Engineering",
  publisher = "John Wiley \& Sons, Inc.",
  year = "1993",
}

@book{tk-pr-99,
  author = "S. Theodoridis and K. Koutroumbas",
  title = "Pattern Recognition",
  publisher = "Academic Press",
  year = "1999",
}

@article{hw-aakca-79,
author="J. A. Hartigan and M. A. Wong",
title="Algorithm {AS136:} a k-means clustering algorithm",
journal="Applied Statistics",
volume="28",
pages="100-108",
year="1979",
}

@article{rfc-cprmpv-97,
author="C. Rothwell and O. Faugeras and C. Csurka",
title="A comparison of projective reconstruction methods for pairs of views",
journal="Computer Vision and Image Understanding",
volume="68",
year="1997",
pages="18-36",
}

@article{wlw-ssimpl-01,
author="J. Z. Wang and J. Li and G. Wiederhold",
title="{SIMPLIcity}: semantics-sensitive integrated matching for picture
libraries",
journal="IEEE Transactions on Pattern Analysis and Machine Intelligence",
year="2001",
volume="23",
number="9",
pages="947-963",
}

@article{hv-gepwpca-80,
author="S. E. Hecht and J. J. Vidal",
title="Generation of {ECG} prototype waveforms by piecewise correlational
averaging",
journal="{IEEE} Trans. on Pattern Analysis and Machine Intelligence",
number="5",
volume="2",
year="1980",
pages="415-420",
}

@inproceedings{sk-tmiaamldc-97,
author="H. S. Sawhney and R. Kumar",
title="True multi-image alignment and its application to mosaicking and lens
distortion correction",
booktitle="Proceedings of the 1997 Conference on Computer Vision and Pattern
Recognition",
year="1997",
pages="450-456",
}

@article{lw-gtcsscs-67,
author="G. N. Lance and W. T. Williams",
title="A general theory of classificatory sorting strategies: {II}. {C}lustering
systems",
journal="Computer Journal",
volume="10",
year="1967",
pages="271-277",
}

@article{d-obcsw-88,
author="I. Daubechies",
title="Orthonormal Bases of compactly supported wavelets",
journal="Comm. Pure. and Appl. Math.",
volume="41",
year="1988",
pages="909-996",
}
