
@inproceedings{lsu-lsal-13,
author="W. Luo and A. Schwing and R. Urtasun",
title="Latent Structured Active Learning",
booktitle="Advances in Neural Information Processing Systems 
(NIPS)",
year="2013",
}

@inproceedings{cks-almaurc-06,
author="M. Culver and D. Kun and S. Scott",
title="Active Learning to Maximize Area Under the {ROC} Curve",
booktitle="Proceedings of the Sixth IEEE International Conference on Data
Mining",
year="2006",
pages="149-158",
}

@inproceedings{oks-beenaaml-05,
author="T. Osugi and D. Kun and S. Scott",
title="Balancing Exploration and Exploitation: A New Algorithm for Active
Machine Learning",
booktitle="Proceedings of the Fifth IEEE International Conference on Data
Mining",
year="2005",
pages="330-337",
}

@article{a-qcl-88,
author="D. Angluin",
title="Queries and concept learning",
journal="Machine Learning",
year="1988",
volume="2",
number="3",
pages="319-342",
}

@article{lkghsrh-alrmtp-05,
author="Tong Luo and Kurt Kramer and Dmitry B. Goldgof and Lawrence O. Hall
and Scott  Samson and Andrew Remsen and Thomas Hopkins",
title="Active Learning to Recognize Multiple Types of Plankton",
journal="Journal of Machine Learning Research",
year="2005",
number="Apr",
volume="6",
pages="589-613",
}



@article{a-lrsqce-87,
author="D. Angluin",
title="Learning regular sets from queries and counterexamples",
journal="Information and Computation",
year="1987",
volume="75",
number="2",
pages="87-106",
}


@InProceedings{sos-qc-92,
  author =       "H. S. Seung and M. Opper and H. Sompolinsky",
  title =        "Query by Committee",
  booktitle =    "Proceedings of the Fifth Annual Workshop on Computational Learning Theory",
  year =         "1992",
  pages =        "287-294",
}

@article{fsst-ssqca-97,
author="Y. Freund and H. S. Seung and E. Shamir and N. Tishby",
title="Selective sampling using the query by committee algorithm",
journal="Machine Learning",
year="1997",
volume="28",
number="2-3",
pages="133-168",
}

@techreport{s-llud-01,
  author =       "Seeger, M.",
  title =        "Learning with labeled and unlabeled data",
  institution =  "Edinburgh University",
  year =         "2001",
}


@article{lmr-ssnnc-04,
author="M. Lindenbaum and S. Markovitch and D. Rusakov",
title="Selective Sampling for Nearest Neighbor Classifiers",
journal="Machine Learning",
year="2004",
volume="54",
number="",
pages="125-152",
}

@inproceedings{zs-lludurw-04,
author="D. Zhou and B. {Sch\"{o}lkopf}",
title="Learning from Labeled and Unlabeled Data Using Random Walks",
booktitle="Proceedings of the 26th Pattern Recognition Symposium",
year="2004",
}

@inproceedings{rkso-lcdwsn-03,
author="P. Radivojac and U. Korad and K. M. Sivalingam and Z. Obradovic", 
title="Learning from class-imbalanced data in wireless sensor networks",
booktitle="Proceedings of IEEE Semiannual Vehicular Technology Conference, VTC-Fall 2003",
volume="5",
pages="3030-3034",
year="2003",
}


@inproceedings{hrg-alasr-02,
author="Dilek {Hakkani-T\"{u}r} and Giuseppe Riccardi and Allen Gorin",
title="Active Learning for Automatic Speech Recognition",
booktitle="Proceedings of IEEE International Conference on Acoustics, Speech,
and Signal Processing",
volume="4",
pages="3904-3907",
year="2002",
}



@inproceedings{htrr-ualasrcc-04,
author="Dilek {Hakkani-T\"{u}r} and Gokhan {T\"{u}r} and
Mazin Rahim and Giuseppe Riccardi",
title="UNSUPERVISED AND ACTIVE LEARNING IN AUTOMATIC SPEECH RECOGNITION
FOR CALL CLASSIFICATION",
booktitle="Proceedings of IEEE International Conference on Acoustics, Speech,
and Signal Processing",
pages="429-432",
year="2004",
}

@inproceedings{gz-eslud-00,
author="S. Goldman and Y. Zhou",
title="Enhancing Supervised Learning with Unlabeled Data",
booktitle="Proceedings of the 17th International Conference on Machine Learning",
year="2000",
pages="327-334",
}

@article{be-sg-02,
author="O. Bousquet and A. Elisseeff",
title="Stability and generalization",
journal="Journal of Machine Learning Research",
year="2002",
volume="2",
number="Mar",
pages="499-526",
}

@article{m-ibofads-92,
author="D. MacKay",
title="Information Based Objective Function for Active Data Selection",
journal="Neural Computation",
year="1992",
volume="4",
number="4",
pages="590-604",
}

@article{p-caoasuopv-04,
author="J.-M. Park",
title="Convergence and Application of Online Active Sampling Using Orthogonal Pillar Vectors",
journal="IEEE Transactions on Pattern Analysis and Machine Intelligence",
year="2004",
volume="26",
number="9",
pages="1197-1207",
}

@article{fgs-qclsrw-02,
author="S. Fine and R. Gilad-Bachrach and E. Shamir",
title="Query by committee, linear separation and random walks",
journal="Theoretical Computer Science",
volume="284",
number="1",
year="2002",
pages="25-51",
}

@inproceedings{sc-lmalsvm-00,
author="G. Schohn and D. Cohn",
title="Less Is More: Active Learning with Support Vector Machines",
booktitle="Proceedings of the 17th International  Conference on Machine Learning",
year="2000",
pages="839-846",
}

@article{cgj-alsm-96,
author="D. Cohn and Zoubin Ghahramani and Michael I. Jordan",
title="Active learning with statistical models",
journal="Journal of Artificial Intelligence Research",
year="1996",
volume="4",
pages="129-145",
}

@article{cal-igal-94,
author="D. Cohn and L. Atlas and R. Ladner",
title="Improving Generalization with active learning",
journal="Machine Learning",
year="1994",
volume="15",
number="2",
pages="201-221",
}

@inproceedings{ccs-qllmc-00,
author="Campbell, C. and Cristianini, N. and Smola, A.",
title="Query Learning with large margin classifiers",
booktitle="Proceedings of the 17th Intl. Conf. on Machine Learning",
year="2000",
pages="111-118",
}

@inproceedings{zo-pavudcp-00,
author="T. Zhang and F. J. Oles",
title="A Probability Analysis on the Value of Unlabeled Data for Classification Problems",
booktitle="Proceedings of the 17th Intl. Conf. on Machine Learning",
year="2000",
pages="1191-1198",
}

@inproceedings{iaz-aluar-00,
author="V. S. Iyengar and C. Apte and T. Zhang",
title="Active learning using adaptive resampling",
booktitle="Proceedings of the Sixth ACM SIGKDD International Conference on Knowledge Discovery and Data Mining",
year="2000",
pages="91-98",
}

@inproceedings{tk-svmalatc-00,
author="S. Tong and D. Koller",
title="Support vector machine active learning with applications to text classification",
booktitle="Proceedings of the 17th Intl. Conf. on Machine Learning",
year="2000",
pages="999-1006",
}

@article{tk-svmalatc-01,
author="S. Tong and D. Koller",
title="Support vector machine active learning with applications to text classification",
journal="Journal of Machine Learning Research",
year="2001",
volume="2",
number="Nov",
pages="45-66",
}

@article{mmp-pasvla-04,
author="P. Mitra and C. A. Murthy and S. K. Pal",
title="A Probabilistic Active Support Vector Learning Algorithm",
journal="IEEE Transactions on Pattern Analysis and Machine Intelligence",
year="2004",
volume="26",
number="3",
pages="413-418",
}

@inproceedings{b-idalsvm-03,
author="K. Brinker",
title="Incorporating diversity in active learning with support vector machines",
booktitle="Proceedings of the 20th International Conference on Machine Learning",
year="2003",
pages="59-66",
}

@inproceedings{b-allrf-04,
author="K. Brinker",
title="Active Learning of Label Ranking functions",
booktitle="Proceedings of the 21st International Conference on Machine Learning",
year="2004",
pages="129-136",
}

@inproceedings{rm-toalseer-01,
author="N. Roy and A. McCallum",
title="Toward optimal active learning through sampling estimation of error reduction",
booktitle="Proceedings of the 18th International Conference on Machine Learning",
year="2001",
pages="441-448",
}

@inproceedings{n-alp-04,
author="H. T. Nguyen and A. Smeulders",
title="Active learning using pre-clustering",
booktitle="Proceedings of the 21st International Conference on Machine Learning",
year="2004",
pages="623-630",
}

@article{bel-ocala-04,
author="Y. Baram and R. El-Yaniv and K. Luz",
title="Online Choice of Active Learning Algorithms",
journal="Journal of Machine Learning Research",
year="2004",
volume="5",
number="Mar",
pages="255-291",
}

@inproceedings{wrmll-alddp-02,
author="M. Warmuth and G. Ratsch and M. Mathieson and J. Liao and C. Lemmen", 
title="Active Learning in the Drug Discovery Process",
booktitle="Advances in Neural Information Processing Systems 14",
year="2002",
pages="1449-1456",
}

@book{bfos-crt-84,
  author = "Breiman, L. and Friedman, J. H. and Olshen, R. A. and Stone, C. J.",
  title = "Classification and Regression Trees",
  publisher = "Wadsworth International Group",
  year = "1984",
}


@inproceedings{brh-alacsb-04,
author="J. F. Bowring and J. M. Rehg and M. J. Harrold",
title="Active Learning for Automatic Classification of Software Behavior",
booktitle="Proceedings of the International Symposium on
Software Testing and Analysis",
year="2004",
pages="195-205",
}
