@url{GeneOntology,
	author = "{GO Consortium}",
        Year = {2014},
	Title = {The {Gene} {Ontology}},
	Url = {geneontology.org}}


@article{kmwcc-inmpgdqsp-00,
  author =       "J. Kim and E. N. Moriyama and C. G. Warr and P. J. Clyne and J. R. Carlson",
  title =        "Identification of novel multi-transmembrane proteins from genomic
databases using quasi-periodic structural properties",
  journal =      "Bioinformatics",
  year =         "2000",
  volume = "16",
number="9",
  pages = "767-775",
}



@article{dr-apsspbcp-87,
  author =       "G. Deleage and B. Roux",
  title =        "An algorithm for protein secondary structure prediction based on
class prediction",
  journal =      "Protein Engineering",
  volume = "1",
  pages = "289-294",
  year =         "1987",
}

@article{kd-smdhcp-82,
  author =       "J. Kyte and R. F. Doolittle",
  title =        "A simple method for displaying the hydropathic character of a protein",
  journal =      "Journal of Molecular Biology",
  volume = "157",
  pages = "105-132",
  year =         "1982",
}


@article{esg-inthaasmp-86,
  author =       "D. M. Engelman and T. A. Steitz and A. Goldman",
  title =        "Identifying nonpolar traasbilayer helices in amino acid sequences of membrane proteins",
  journal =      "Annual Review of Biophysics and Biophysical Chemistry",
  year =         "1986",
  volume = "15",
  pages = "321-353",
}


@book{b-mbl-98,
  author =       "T. Brown",
  title = "Molecular Biology Labfax",
  year =         "1998",
publisher="Academic Press",
edition="Second",
}

@article{v-mpsphapr-92,
  author =       "G. Von Heijne",
  title = "Membrane protein structure prediction: Hydrophobicity analysis and
the positive-inside rule",
  journal =      "Journal of Molecular Biology",
  year =         "1992",
  volume = "225",
  pages = "487-494",
}


@article{fg-ifcm-03,
  author =       "D. E. Fomenko and V. N. Gladyshev",
  title =        "Identity and functions of {CxxC}-derived motifs",
  journal =      "Biochemistry",
  year =         "2003",
  volume = "42",
  pages = "11214-11225",
}

@article{lecwn-mskdpc-04,
  author =       "C. Leslie and E. Eskin and A. Cohen and J. Weston and W. Noble",
  title =        "Mismatch string kernels for discriminative protein
classification",
  journal =      "Bioinformatics",
  year =         "2004",
  volume = "20",
number="4",
  pages = "467-476",
}

@article{ln-cpsssvmdrpesr-03,
  author =       "L. Li and W. Noble",
  title =        "Combining pairwise sequence similarity and support vector
machines for detecting remote protein evolutionary and structural relationships",
  journal =      "Journal of Computational Biology",
  year =         "2003",
  volume = "10",
number="6",
  pages = "857-868",
}

@article{ejt-scsp-00,
  author =       "I. Eidhammer and I. Jonassen and W. R. Taylor",
  title =        "Structure Comparison and Structure Patterns",
  journal =      "Journal of Computational Biology",
  year =         "2000",
  volume = "7",
  pages = "685-716",
}

@article{kmwcc-inmpgdqst-00,
  author =       "J. Kim and E. N. Moriyama and C. G. Warr and P. J. Clyne and
                 J. R. Carlson",
  title =        "Identification of novel multi-transmembrane proteins from 
                  genomic databases using quasi-periodic structural properties",
  journal =      "Bioinformatics",
  year =         "2000",
  volume = "16",
  number ="9",
  pages = "767-775",
}

@techreport{wsztfg-smlps-04,
 author = "C. Wang and S. Scott and J. Zhang and Q. Tao and D. E. Fomenko and
   V. N. Gladyshev",
  title = "A Study in Modeling Low-Conservation Protein Superfamilies",
  institution="Department of Computer Science, University of Nebraska",
 number="TR-UNL-CSE-2004-3",
 year = "2004",
}

@techreport{sjwfg-mpslpsc-03,
 author = "S. D. Scott and H. Ji and P. Wen and D. E. Fomenko and
   V. N. Gladyshev",
  title = "On modeling protein superfamilies with low primary sequence
conservation",
  institution="Department of Computer Science, University of Nebraska",
 number="TR-UNL-CSE-2003-4",
 month="January",
 year = "2003",
}

@article{f-etdsmla-81,
  author =       "J. Felsenstein",
  title =        "Evolutionary trees from {DNA} sequences: {A} maximum
                  likelihood approach",
  journal =      "Journal of Molecular Evolution",
  year =         "1981",
  volume = "17",
  pages = "368-376",
}

@article{f-tdcemcstt-71,
  author =       "W. M. Fitch",
  title =        "Towards defining the course of evolution: {M}inimum
                  change for a specific tree topology",
  journal =      "Systematic Zoology",
  year =         "1971",
  volume = "20",
  pages = "406-416",
}

@article{WLT-template-96,
  author =       "A. C. Wallace and R. A. Laskowski and J. M. Thornton",
  title =        "Derivation of 3{D} coordinate templates for searching
structural databases: application to Ser-His-Asp catalytic triads in the
serine proteinases and lipases",
  journal =      "Protein Science",
  year =         "1996",
  volume = "5",
  pages = "1001-1013",
number="6",
}

@article{JECT-spratt2-02,
  author =       "I. Jonassen and I. Eidhammer and D. Conklin and W. Taylor",
  title =        "Structure Motif Discovery and Mining the {PDB}",
  journal =      "Bioinformatics",
  year =         "2002",
  volume = "18",
  pages = "362-367",
}

@article{VS-dctsp-91,
  author =       "G. Vriend and C. Sander",
  title =        "Detection of common three-dimensional substructures in proteins",
  journal =      "Proteins: Structure, Function, and Genetics",
  year =         "1991",
  volume = "11",
  pages = "52-58",
}

@article{hr-pmcathec-97,
  author =       "J. P. Huelsenbeck and B. Rannala",
  title =        "Phylogenetic methods come of age: {T}esting hypotheses
                  in an evolutionary context",
  journal =      "Science",
  year =         "1997",
  volume = "276",
  pages = "227-232",
}

@inproceedings{sy-umpdt-03,
 author="U. Syed and G. Yona",
 title=" Using a Mixture of Probabilistic Decision Trees for Direct
 Prediction of Protein Function",
 booktitle="Annual Conference on Research in Computational Molecular
 Biology (RECOMB '03)",
 pages="289-300",
 year="2003",
 }


@inproceedings{HS-3dlookup-95,
  author =       "L. Holm and C. Sander",
  title =        "3-{D} lookup: Fast protein structure database searches at 90\%
reliability",
  booktitle =      "Proceedings of the Third International Conference on
Intelligent Systems for Molecular Biology",
  year =         "1995",
  pages = "179-187",
volume="3",
}

@inproceedings{adfk-ntble-97,
  author =       "A. Ambainis and R. Desper and M. Farach and S. Kannan",
  title =        "Nearly tight bounds on the learnability of evolution",
  booktitle =      "Proceedings of the 38th Annual {IEEE} Symposium on the
     Foundations of Computer Science",
  year =         "1997",
  pages = "524-533",
}

@inproceedings{fk-eaie-96,
  author =       "M. Farach and S. Kannan",
  title =        "Efficient algorithms for inverting evolution",
  booktitle =      "Proceedings of the 28th Annual ACM Symposium on 
     Theory of Computing",
  year =         "1996",
  pages = "230-236",
}

@techreport(essw-flsbt1-97,
  author =       "P. L. Erd{\"{o}}s and M. A. Steel and L. A. Sz{\'{e}}kely and T.
                  J. Warnow",
  title =        "A few logs suffice to build (almost) all trees ({I})",
  institution =  "DIMACS",
  number =       "97-71",
  year =         "1997",
  month = "October",
)

@techreport{essw-flsbt2-97,
  author =       "P. L. Erd{\"{o}}s and M. A. Steel and L. A. Sz{\'{e}}kely and T.
                  J. Warnow",
  title =        "A few logs suffice to build (almost) all trees ({II})",
  institution =  "DIMACS",
  number =       "97-72",
  year =         "1997",
  month = "October",
}

@article{s-rtlcgmm-94,
  author =       "M. A. Steel",
  title =        "Recovering a tree from the leaf colourations it generates
under a {M}arkov model",
  journal =  "Applied Mathematics Letters",
  volume = "7",
  number =       "2",
  year =         "1994",
  pages = "19-24",
}

@inproceedings{jkl-oqadc-98,
  author =       "T. Jiang and P. Kearney and M. Li",
  title =        "Orchestrating Quartets: {A}pproximation and data correction",
  booktitle =      "Proceedings of the 39th Annual {IEEE} Symposium on the
     Foundations of Computer Science",
  year =         "1998",
  pages = "416-425",
}

@inproceedings{cgg-etlpttgmm-98,
  author =       "M. Cryan and L. A. Goldberg and P. W. Goldberg",
  title =        "Evolutionary trees can be learned in polynomial time in the
two-state general {M}arkov model",
  booktitle =      "Proceedings of the 39th Annual {IEEE} Symposium on the
     Foundations of Computer Science",
  year =         "1998",
  pages = "436-445",
}

@article{g-ss-89,
  author =       "L. M. Gierasch",
  title =        "Signal sequences",
  journal =      "Biochemistry",
  year =         "1989",
  volume = "28",
  pages = "923-930",
}

@article{v-sp-90,
  author =       "G. von Heijne",
  title =        "The signal peptide",
  journal =      "Journal of Membrade Biology",
  year =         "1990",
  volume = "115",
  pages = "195-201",
}

@article{kkg-nmspiassise-99,
  author =       "G. V. Kryukov and V. M Kryukov and V. N. Gladyshev",
  title =        "New mammalian selenocysteine-containing proteins identified
    with an algorithm that searches for selenocysteine insertion sequence
    elements",
  journal =      "Journal of Biological Chemistry",
  year =         "1999",
  volume = "274",
  pages = "33888-33897",
}

@book{dekm-bsapmpna-98,
  author = "R. Durbin and S. Eddy and A. Krogh and G. Mitchison",
  title = "Biological Sequence Analysis: Probabilistic Models of Proteins and
Nucleic Acids",
  publisher = "Cambridge University Press",
  year = "1998",
}

@book{s-b-95,
  author = "L. Stryer",
  title = "Biochemistry",
  publisher = "W. H. Freeman and Company",
  edition="Fourth",
  year = "1995",
}


@inproceedings{LBA-Sfeature-03,
  author="M. P. Liang and D.L. Brutlag and R.B. Altman",
 title="Automated Construction of Structural Motifs for Predicting
Functional Sites on Protein Structures",
booktitle=" Proceedings of the 8th Pacific Symposium on Biocomputing (PSB
2003)",
pages="204-215",
year=" 2003",
}

@article{BKB-trilogy-02,
 author="P. Bradley and P. S. Kim and B. Berger",
 title="Trilogy: discovery of sequence structure patterns across diverse
proteins",
journal="Proceedings of the National Academy of Sciences",
volume="99",
pages="8500-8505",
year=" 2002",
}

@article{oetc-s-97,
  author=" C. A. Orengo and A. D. Michie and S. Jones and D. T. Jones and M.
B. Swindells and J. M. Thornton",
title="{CATH}---a hierarchical classification
of protein domain structures",
journal=" Structure",
volume=" 5",
pages="1093-1108",
year=" 1997",
}

@article{mbhc-jmb-95,
  author=" A. G. Murzin and S. E. Brenner and T. Hubbard and C. Chothia",
title="{SCOP}: a structural classification of proteins database for the
investigation of sequences and structures" ,
journal="Journal of Molecular Biology",
volume=" 247",
number="4",
pages="536-540",
year=" 1995",
}

@article{zetc-ps-99,
  author=" B. Zhang and L. Rychlewski and K. Pawlowski and J. Fetrow and J.
Skolnick and A. Godzik",
title=" From fold predictions to function
predictions: automation of functional site conservation analysis
for functional genome predictions",
journal=" Protein Science",
volume=" 8",
pages="1104-1115",
year="1999",
}

@article{fs-jmb-98,
  author=" J. S. Fetrow and J. Skolnick",
title="Method for prediction of protein function from sequence using the
sequence-to-structure-to-function paradigm with application to
Glutaredoxins/Thioredoxins and T1Ribonucleases",
journal=" Journal of Molecular Biology",
volume="281",
pages="949-968",
year="1998",
}

@article{S-parseq-04,
  author="M. Schmollinger and I. Fischer and C. Nerz and S. Pinkenburg and
        F. {G\"{o}tz} and M. Kaufmann and K.-J. Lange and R. Reuter and
         W. Rosenstiel and A. Zell",
Title="{ParSeq}: searching motifs with structural and biochemical
properties",
journal=" Bioinformatics",
volume="20",
number="9",
pages=" 1459-1461",
year=" 2004",
}

@article{ch-knn-67,
author=" T. Cover and P. G. Hart",
title=" Nearest neighbor pattern classification ",
journal=" IEEE Transactions on Information Theory",
volume="13",
pages="21-26",
year="1967",
}

@article{betc-pdb-00,
author=" H. M. Berman and J. Westbrook and Z. Feng and G. Gillilandand T. N. Bhat and H. Weissig and I. N. Shindyalov and P. E.  Bourne",
title=" The Protein Data Bank",
journal=" Nucleic Acids Research",
volume="28",
pages="235-242",
year=" 2000",
}

@article{hc-jmb-93,
author=" L. Holm and C. Sander",
title=" Protein structure comparison by alignment of distance matrices",
journal="Journal of Molecular Biology",
volume="233",
pages="123-138",
year="1993",
}

@article{sb-pe-98,
author=" I. N. Shindyalov and P. E. Bourne",
title="Protein structure alignment by incremental combinatorial extension
{(CE)} of the optimal path",
journal="Protein Engineering",
volume="11",
pages="739-747",
year="1998",
}

@article{hk-hmmfsa-96,
  author =       "R. Hghey and A. Krogh",
  title =        "Hidden Markov Models for Sequence Analysis: Extension and Analysis of the Basi Method",
  journal =      "Computer Applications in the Biosciences",
  year =         "1996",
  volume = "12",
  pages = "95-107",
 number="2",
}

@inproceedings{ws-nkpsmdfc-05,
  author =       " C. Wang and S. Scott ",
  title =        " New kernels for protein structural motif
discovery and function classification ",
  booktitle =    " Twenty-Second International Conference on Machine Learning ",
  year =         "2005 ",
pages="945-952",
}
