%%For Vinod's and my grant proposal (and for future papers), we need
%%bibtex entries for relevant papers.  Please build a budgeted.bib file
%%with Russ's citations in it, along with any key points (max a few
%%sentences) to summarize.  I'll combine the latter with my own
%%summaries.  Also, please do likewise for AL papers in
%%~sscott/learn/budgeted/newpapers but not already in ~sscott/bib/active.bib.
%%In particular, Langford's and Dasgupta's papers.
%%
%%Please use this notation for keywords: aaa-tttt-yy, where each a is
%%the first letter of an author's last name, each t is the first letter
%%of a non-trivial title word, and each y is from the year of the paper.
%%You can look at colt.bib for examples.

%%: ~sscott/learn/budgeted/newpapers/birkendorf98structural.pdf and BirkendorfRFA.pdf
%%  have bad permissions.
%%Omitted: posters
%%Unable to find dfgks-isdt-0

@inproceedings{v-cema-05,
  title     = {Convergence of Empirical Means with Alpha-Mixing Input Sequences, and an Application to {PAC} Learning},
  author    = {M. Vidyasagar},
  booktitle = {Proceedings of the 44th IEEE Conference on Decision and Control, and European Control Conference},
  pages     = {560--565},
  year      = {2005},
  month     = {December},
  location  = {Seville, Spain},
  summary   = {Extends results on PAC learnability via i.i.d. to sources that are Alpha-Mixing.},
}

@inproceedings{d-agals-04,
  title      = {Analysis of a Greedy Active Learning Strategy},
  author     = {Sanjoy Dasgupta},
  booktitle  = {Advances in Neural Information Processing Systems 17},
  month      = {December},
  location   = {Vancouver, British Columbia, Canada},
  year       = {2004},
}

@inproceedings{d-agals-05,
  title      = {Coarse Sample Complexity Bounds For Active Learning},
  author     = {Sanjoy Dasgupta},
  booktitle  = {Advances in Neural Information Processing Systems 18},
  month      = {December},
  pages      = {235--242},
  year       = {2005},
}

@inproceedings{bbl-aal-06,
  title      = {Agnostic Active Learning},
  author     = {Maria-Florina Balcan and Alina Beygelzimer and John Langford},
  booktitle  = {ICML '06: Proceedings of the 23rd international conference on Machine learning},
  year       = {2006},
  isbn       = {1-59593-383-2},
  pages      = {65--72},
  location   = {Pittsburgh, Pennsylvania},
  publisher  = {ACM Press},
  address    = {New York, NY, USA},
  summary    = {Presents an agnostic active learning algorithm with
                O(ln(1/epsilon)) sample complexity in the realizable
                case},
}

@inproceedings{olcb-fbmla-00,
  title      = {{FeatureBoost:} A Meta-Learning Algorithm that Improves Model Robustness},
  author     = {Joseph O'Sullivan and John Langford and Rich Caruana and Avrim Blum},
  booktitle  = {ICML '00: Proceedings of the Seventeenth International Conference on Machine Learning},
  year       = {2000},
  isbn       = {1-55860-707-2},
  pages      = {703--710},
}

@inproceedings{mlg-ams-04,
  title      = {Active Model Selection},
  author     = {Omid Madani and Daniel J. Lizotte and Russell Greiner},
  booktitle  = {Proceedings of the 20th Conference on Uncertinty in Artificial Intelligence},
  month      = {July},
  year       = {2004},
  location   = {Banff, Canada},
  summary    = {Full version seems to be unpublished.},
}

@inproceedings{lcuhb-kg-05,
  title      = {Learning and Classifying under Hard Budgets},
  author     = {Aloak Kapoor and Russell Greiner},
  booktitle  = {15th European Conference on Machine Learning (ECML)},
  year       = {2005},
  summary    = {This was also the Masters Thesis of Aloak Kapoor.},
}

@inproceedings{blnbc-lmg-03,
  title      = {Budgeted Learning of Na\"{i}ve-Bayes Classifiers},
  author     = {Daniel J. Lizotte and Omid Madani and Russell Greiner},
  booktitle  = {Proceedings of the 19th Conference on Uncertinty in Artificial Intelligence},
  year       = {2003},
  summary    = {This was also the Masters Thesis of Daniel Lizotte},
}

@inproceedings{blbac-kg-05,
  title      = {Budgeted Learning of Bounded Active Classifiers},
  author     = {Aloak Kapoor and Russell Greiner},
  booktitle  = {Proceedings of the ACM SIGKDD Workshop on Utility-Based Data Mining},
  year       = {2005},
  note       = {Held in conjunction with the 11th ACM SIGKDD International Conference on Knowledge Discovery and Data Mining (KDD 2005)},
  summary    = {Was not in the published proceedings due to copyright issues},
}

@inproceedings{rlams-kg-05,
  title      = {Reinforcement Learning for Active Model Selection},
  author     = {Aloak Kapoor and Russell Greiner},
  booktitle  = {Proceedings of the ACM SIGKDD Workshop on Utility-Based Data Mining},
  pages      = {17--23},
  year       = {2005},
  note       = {Held in conjunction with the 11th ACM SIGKDD International Conference on Knowledge Discovery and Data Mining (KDD 2005)},
  summary    = {Compares Reinforcement Learning to heuristic spending policies.},
}

@inproceedings{uvilchb-g-05,
  title      = {Using Value of Information to Learn and Classify under Hard Budgets},
  author     = {Russell Greiner},
  booktitle  = {NIPS 2005 Workshop on Value of Information in Inference, Learning and Decision-Making},
  year       = {2005},
  summary    = {Short abstract summarizing budgeted learning results, in context of Value-of-Information.},
}

@inproceedings{asdif-voa-06,
  title      = {Active Sampling for Detecting Irrelevant Features},
  author     = {Sriharsha Veeramachaneni, Emanuele Olivetti, Paolo Avesani},
  booktitle  = {ICML '06: Proceedings of the 23rd international conference on Machine learning},
  year       = {2006},
  isbn       = {1-59593-383-2},
  pages      = {961--968},
}

@inproceedings{alstse-spgbb-05,
  title      = {Active Learning for Sampling in Time-Series Experiments With Application to Gene Expression Analysis},
  author     = {Rohit Singh and Nathan Palmer and David Gifford and Bonnie Berger and Ziv Bar-Joseph},
  booktitle  = {ICML '05: Proceedings of the 22nd international conference on Machine learning},
  year       = {2005},
  isbn       = {1-59593-180-5},
  pages      = {832--839},
  location   = {Bonn, Germany},
}

@inproceedings{alted-ybt-06,
 author = {Kai Yu and Jinbo Bi and Volker Tresp},
 title = {Active learning via transductive experimental design},
 booktitle = {ICML '06: Proceedings of the 23rd international conference on Machine learning},
 year = {2006},
 isbn = {1-59593-383-2},
 pages = {1081--1088},
 location = {Pittsburgh, Pennsylvania},
 publisher = {ACM Press},
 address = {New York, NY, USA},
 summary     = {Reviews Active Learning for Regression.},
}

@article{lcsac-ggr-02,
 author      = {Russell Greiner and Adam J. Grove and Dan Roth},
 title       = {Learning cost-sensitive active classifiers},
 journal     = {Artificial Intelligence},
 volume      = {139},
 number      = {2},
 year        = {2002},
 issn        = {0004-3702},
 pages       = {137--174},
 publisher   = {Elsevier Science Publishers Ltd.},
 address     = {Essex, UK},
}

@inproceedings{alnrc-k-05,
  author     = {M. Kaariainen},
  title      = {On active learning in the non-realizable case},
  booktitle  = {NIPS Workshop on Foundations of Active Learning},
  year       = {2005},
}

@inproceedings{PACsm-bb-05,
  author    = {Maria-Florina Balcan and
               Avrim Blum},
  title     = {A PAC-Style Model for Learning from Labeled and Unlabeled
               Data.},
  booktitle = {Eighteenth Annual Conference on Learning Theory (COLT)},
  year      = {2005},
  pages     = {111--126},
  summary   = {Same content can be found in a book chapter, ``An Augmented PAC Model for Semi-Supervised Learning''.},
}

@article{bel-ocala-04,
  author    = {Yoram Baram and Ran El-Yaniv and Kobi Luz},
  title     = {Online Choice of Active Learning Algorithms},
  journal   = {Journal of Machine Learning Research},
  volume    = {5},
  pages     = {255--291},
  year      = {2004},
  summary   = {Introduces KFF and uses ensemble/k-armed bandit.
               Defines 'deficiency' as a new performance measure.
               See Schohn and Cohn on accuracy peacking and then declining,
               see McKay for measuring usefulness of labeled points.},
}

@inproceedings{zp-oalda-02,
  title      = {On Active Learning for Data Aquisition},
  author     = {Zhiqiang Zheng and Balaji Padmanabhan},
  booktitle  = {Proceedings of the IEEE International Conference on Data Minding},
  pages      = {562--570},
  year       = {2002},
}

@inproceedings{tk-alpebn-04,
  title      = {Active Learning for Parameter Estimation in Bayesian Networks},
  author     = {Simon Tong and Daphne Koller},
  booktitle  = {Conference on Advances in Neural Information Processing Systems (NIPS)},
  year       = {2004},
}

@inproceedings{tk-alsbn-01,
  author     = {Simon Tong and Daphne Koller},
  title      = {Active Learning for Structure in Bayesian Networks},
  booktitle  = {Proceedings of the 17th International Join Conferenceon Artificial Intelligence (IJCAI)},
  pages      = {863--869},
  year       = {2001},
}

@inproceedings{cwn-frral-05,
  title      = {Faster Rates in Regression via Active Learning},
  author     = {Rui Castro and Rebecca Willett and Robert Nowak},
  booktitle  = {Proceedings of the Neural Information Processing Systems Conference (NIPS)},
  month      = {December},
  year       = {2005},
  location   = {Vancouver, Canada},
  summary    = {Full version appears as UW technical report ECE-05-3},
}

@inproceedings{cw-ulbal-06,
  title      = {Upper and Lower Bounds for Active Learning},
  author     = {Rui Castro and Robert Nowak},
  booktitle  = {Proceedings of the 44th Annual Allerton Conference on Communication, Control and Computing},
  publisher  = {Allerton House, University of Illinois},
  month      = {September},
  year       = {2006},
}

@article{jb-cgbdfMDPs-06,
  title      = {Causal Graph Based Decomposition of Factored {MDPs}},
  author     = {Anders Jonsson and Andrew Barto},
  journal    = {Journal of Machine Learning Research},
  volume     = {7},
  year       = {2006},
  pages      = {2259--2301},
}

@inproceedings{dlm-PACgbct-01,
  title      = {{PAC} generalization bounds for co-training},
  author     = {Sanjoy Dasgupta and Michael L. Littman and David McAllester},
  booktitle  = {Advances in Neural Information Processing Systems (NIPS)},
  year       = {2001},
}

@inproceedings{dkm-apbal-05,
  author     = {Sanjoy Dasgupta and Aadam Tauman Kalai and Claire Monteleoni},
  title      = {Analysis of perceptron-based active learning},
  booktitle  = {Eighteenth Annual Conference on Learning Theory (COLT)},
  year       = {2005},
}

@article{rmj-alfbfi-06,
  title      = {Active Learning with Feedback on Both Features and Instances},
  author     = {Hema Raghavan and Omid Madani and Rosie Jones},
  journal    = {Journal of Machine Learning Research},
  volume     = {7},
  pages      = {1655--1686},
  year       = {2006},
}

@article{fsst-ssuqca-97,
 author = {Yoav Freund and H. Sebastian Seung and Eli Shamir and Naftali Tishby},
 title = {Selective Sampling Using the Query by Committee Algorithm},
 journal = {Machine Learning},
 volume = {28},
 number = {2-3},
 year = {1997},
 issn = {0885-6125},
 pages = {133--168},
 publisher = {Kluwer Academic Publishers},
 address = {Hingham, MA, USA},
 }

@techreport{h-tlbn-95,
  author     = {David Heckerman},
  title      = {A Tutorial on Learning With Bayesian Networks},
  institution = {Microsoft Research, Advanced Technology Division},
  number     = {Technical Report MSR-TR-95-06},
  month      = {March},
  year       = {1995},
}

@misc{dfgks-isdt-0,
  title      = {Induction of Shallow Decision Trees},
  author     = {David Dobkin and Truxton Fulton and Dimitrios Gunopulos and Simon Kasif and Steven Salzberg},
}

@techreport{gnt-kqbc-03,
  author     = {Ran Gilad-Bachrach and Amir Navot and Naftali Tishby},
  title      = {Kernel Query By Committee (KQBC)},
  institution = {Leibniz Center, Hebrew University},
  number     = {2003-88},
  year       = {2003},
}

@inproceedings{tpb-ibm-99,
  title      = {The Information Bottleneck Method},
  author     = {Naftali Tishby and Fernando Pereira and William Bialek},
  booktitle  = {The 37th annual Allerton Conference on Communication, Control, and Computing},
  year       = {1999},
}

@article{sb-srmoddh-98,
  author = {J. Shawe-Taylor and P. L. Bartlett},
  title = {Structural risk minimization over data-dependent hierarchies},
  journal = {IEEE Trans. on Information Theory},
  volume = {44},
  number = {5},
  pages = {1926--1940},
  year = {1998},
}

@article{acfs-nmbp-02,
 author = {Peter Auer and Nicol\`{o} Cesa-Bianchi and Yoav Freund and Robert E. Schapire},
 title = {The Nonstochastic Multiarmed Bandit Problem},
 journal = {SIAM J. Comput.},
 volume = {32},
 number = {1},
 year = {2003},
 issn = {0097-5397},
 pages = {48--77},
 doi = {http://dx.doi.org/10.1137/S0097539701398375},
 publisher = {Society for Industrial and Applied Mathematics},
 address = {Philadelphia, PA, USA},
 }

@inproceedings{bip-cfussdb-05,
 author = {Costin Barbu and Raja Iqbal and Jing Peng},
 title = {Classifier Fusion Using Shared Sampling Distribution for Boosting},
 booktitle = {ICDM '05: Proceedings of the Fifth IEEE International Conference on Data Mining},
 year = {2005},
 isbn = {0-7695-2278-5},
 pages = {34--41},
 doi = {http://dx.doi.org/10.1109/ICDM.2005.40},
 publisher = {IEEE Computer Society},
 address = {Washington, DC, USA},
 }
