%% This BibTeX bibliography file was created using BibDesk.
%% http://bibdesk.sourceforge.net/


%% Created for k d at 2006-11-25 00:25:54 -0600 


%% Saved with string encoding Western (ASCII) 


@article{KalaiVempala05,
  author    = {Adam Kalai and Santosh Vempala},
  title     = {Efficient algorithms for online decision problems},
  journal   = {Journal of Computer and System Sciences},
  volume    = {71},
  pages     = {291--307},
  year      = {2005},
}


@misc{dfgks-isdt-0,
	Author = {David Dobkin and Truxton Fulton and Dimitrios Gunopulos and Simon Kasif and Steven Salzberg},
	Title = {Induction of Shallow Decision Trees}}

@inproceedings{ggm-arqmop-06,
	Author = {A. Goel and S. Guha and K. Munagala},
	Booktitle = {Proceedings of the 25th ACM SIGMOD-SIGACT-SIGART Symposium on Principles of Database Systems},
	Month = {June},
	Title = {Asking the Right Questions: Model-driven Optimization using Probes},
	Year = {2006},
Pages = "203-212",}

@inproceedings{dbssz-bbabl-07,
	Author = {K. Deng and C. Bourke and S. Scott and J. Sunderman and Y.
Zheng},
	Booktitle = {Proceedings of the Seventh IEEE International Conference
on Data Mining},
	Month = {October},
	Title = {Bandit-based algorithms for budgeted learning},
	Year = {2007},
Pages = "463-468",}

@inproceedings{gm-aablp-07,
	Author = {S. Guha and K. Munagala},
	Booktitle = {Proceedings of the 39th ACM Symposium on Theory of Computing},
	Month = {June},
	Title = {Approximation algorithms for budgeted learning problems},
	Year = {2007},
Pages = "104-113",}

@inproceedings{cw-ulbal-06,
	Author = {Rui Castro and Robert Nowak},
	Booktitle = {Proceedings of the 44th Annual Allerton Conference on Communication, Control and Computing},
	Month = {September},
	Publisher = {Allerton House, University of Illinois},
	Title = {Upper and Lower Bounds for Active Learning},
	Year = {2006}}

@inproceedings{bbl-aal-06,
	Address = {New York, NY, USA},
	Author = {Maria-Florina Balcan and Alina Beygelzimer and John Langford},
	Booktitle = { Proceedings of the 23rd International Conference on Machine Learning},
	Isbn = {1-59593-383-2},
	Location = {Pittsburgh, Pennsylvania},
	Pages = {65--72},
	Publisher = {ACM Press},
	Summary = {Presents an agnostic active learning algorithm with O(ln(1/epsilon)) sample complexity in the realizable case},
	Title = {Agnostic Active Learning},
	Year = {2006}}

@article{jb-cgbdfMDPs-06,
	Author = {Anders Jonsson and Andrew Barto},
	Journal = {Journal of Machine Learning Research},
	Pages = {2259--2301},
	Title = {Causal Graph Based Decomposition of Factored {MDPs}},
	Volume = {7},
	Year = {2006}}

@article{rmj-alfbfi-06,
	Author = {Hema Raghavan and Omid Madani and Rosie Jones},
	Journal = {Journal of Machine Learning Research},
	Pages = {1655--1686},
	Title = {Active Learning with Feedback on Both Features and Instances},
	Volume = {7},
	Year = {2006}}

@inproceedings{voa-asdif-06,
	Author = {Sriharsha Veeramachaneni, Emanuele Olivetti, Paolo Avesani},
	Booktitle = {Proceedings of the 23rd international conference on Machine learning},
	Isbn = {1-59593-383-2},
	Pages = {961--968},
	Title = {Active Sampling for Detecting Irrelevant Features},
	Year = {2006}}

@inproceedings{slwl-pmfr-06,
	Author = {Alexander L. Strehl and Lihong Li and Eric Wiewiora and John Langford and Michael L. Littman},
	Booktitle = {Proceedings of the 23rd International Conference on Machine Learning},
	Date-Added = {2006-11-24 22:40:10 -0600},
	Date-Modified = {2006-11-24 22:44:58 -0600},
	Title = {PAC Model-Free Reinforcement Learning},
	Year = {2006}}

@inproceedings{ybt-alted-06,
	Address = {New York, NY, USA},
	Author = {Kai Yu and Jinbo Bi and Volker Tresp},
	Booktitle = { Proceedings of the 23rd international conference on Machine learning},
	Isbn = {1-59593-383-2},
	Location = {Pittsburgh, Pennsylvania},
	Pages = {1081--1088},
	Publisher = {ACM Press},
	Summary = {Reviews Active Learning for Regression.},
	Title = {Active learning via transductive experimental design},
	Year = {2006}}

@inproceedings{cwn-frral-05,
	Author = {Rui Castro and Rebecca Willett and Robert Nowak},
	Booktitle = {Proceedings of the Neural Information Processing Systems Conference (NIPS)},
	Location = {Vancouver, Canada},
	Month = {December},
	Summary = {Full version appears as UW technical report ECE-05-3},
	Title = {Faster Rates in Regression via Active Learning},
	Year = {2005}}

@inproceedings{d-agals-05,
	Author = {Sanjoy Dasgupta},
	Booktitle = {Advances in Neural Information Processing Systems 18},
	Month = {December},
	Pages = {235--242},
	Title = {Coarse Sample Complexity Bounds For Active Learning},
	Year = {2005}}

@inproceedings{v-cema-05,
	Author = {M. Vidyasagar},
	Booktitle = {Proceedings of the 44th IEEE Conference on Decision and Control, and European Control Conference},
	Location = {Seville, Spain},
	Month = {December},
	Pages = {560--565},
	Summary = {Extends results on PAC learnability via i.i.d. to sources that are Alpha-Mixing.},
	Title = {Convergence of Empirical Means with Alpha-Mixing Input Sequences, and an Application to {PAC} Learning},
	Year = {2005}}

@inproceedings{bb-apms-05,
	Author = {Maria-Florina Balcan and Avrim Blum},
	Booktitle = {Eighteenth Annual Conference on Learning Theory (COLT)},
	Pages = {111--126},
	Summary = {Same content can be found in a book chapter, ``An Augmented PAC Model for Semi-Supervised Learning''.},
	Title = {A PAC-Style Model for Learning from Labeled and Unlabeled Data.},
	Year = {2005}}

@inproceedings{bip-cfussdb-05,
	Address = {Washington, DC, USA},
	Author = {Costin Barbu and Raja Iqbal and Jing Peng},
	Booktitle = {ICDM '05: Proceedings of the Fifth IEEE International Conference on Data Mining},
	Doi = {http://dx.doi.org/10.1109/ICDM.2005.40},
	Isbn = {0-7695-2278-5},
	Pages = {34--41},
	Publisher = {IEEE Computer Society},
	Title = {Classifier Fusion Using Shared Sampling Distribution for Boosting},
	Year = {2005}}

@inproceedings{dkm-apbal-05,
	Author = {Sanjoy Dasgupta and Aadam Tauman Kalai and Claire Monteleoni},
	Booktitle = {Eighteenth Annual Conference on Learning Theory (COLT)},
	Title = {Analysis of perceptron-based active learning},
	Year = {2005}}

@inproceedings{g-uvilchb-05,
	Author = {Russell Greiner},
	Booktitle = {NIPS 2005 Workshop on Value of Information in Inference, Learning and Decision-Making},
	Summary = {Short abstract summarizing budgeted learning results, in context of Value-of-Information.},
	Title = {Using Value of Information to Learn and Classify under Hard Budgets},
	Year = {2005}}

@inproceedings{k-alnrc-05,
	Author = {M. Kaariainen},
	Booktitle = {NIPS Workshop on Foundations of Active Learning},
	Title = {On active learning in the non-realizable case},
	Year = {2005}}

@inproceedings{kg-blbac-05,
	Author = {A. Kapoor and R. Greiner},
	Booktitle = {Proceedings of the ACM SIGKDD Workshop on Utility-Based Data Mining},
	Note = {Held in conjunction with the 11th ACM SIGKDD International Conference on Knowledge Discovery and Data Mining (KDD 2005)},
	Summary = {Was not in the published proceedings due to copyright issues},
	Title = {Budgeted Learning of Bounded Active Classifiers},
	Year = {2005}}

@inproceedings{kg-lcuhb-05,
	Author = {A. Kapoor and R. Greiner},
	Booktitle = {15th European Conference on Machine Learning},
	Summary = {This was also the Masters Thesis of Aloak Kapoor.},
	Title = {Learning and Classifying under Hard Budgets},
	Year = {2005}}

@inproceedings{kg-rlams--05,
	Author = {Aloak Kapoor and Russell Greiner},
	Booktitle = {Proceedings of the ACM SIGKDD Workshop on Utility-Based Data Mining},
	Note = {Held in conjunction with the 11th ACM SIGKDD International Conference on Knowledge Discovery and Data Mining (KDD 2005)},
	Pages = {17--23},
	Summary = {Compares Reinforcement Learning to heuristic spending policies.},
	Title = {Reinforcement Learning for Active Model Selection},
	Year = {2005}}

@inproceedings{spgbb-alstse-05,
	Author = {Rohit Singh and Nathan Palmer and David Gifford and Bonnie Berger and Ziv Bar-Joseph},
	Booktitle = { Proceedings of the 22nd international conference on Machine learning},
	Isbn = {1-59593-180-5},
	Location = {Bonn, Germany},
	Pages = {832--839},
	Title = {Active Learning for Sampling in Time-Series Experiments With Application to Gene Expression Analysis},
	Year = {2005}}

@inproceedings{vm-mabaev-05,
	Author = {Joann\'{e}s Vermorel and Mehryar Mohri},
	Booktitle = {In Proceedings of the 16th European Conference on Machine Learning},
	Date-Added = {2006-11-24 22:40:10 -0600},
	Date-Modified = {2006-11-24 22:44:58 -0600},
	Title = {Multi-Armed Bandit Algorithms and Empirical Evaluation},
	Year = {2005}}

@inproceedings{d-agals-04,
	Author = {Sanjoy Dasgupta},
	Booktitle = {Advances in Neural Information Processing Systems 17},
	Location = {Vancouver, British Columbia, Canada},
	Month = {December},
	Title = {Analysis of a Greedy Active Learning Strategy},
	Year = {2004}}

@inproceedings{mlg-ams-04,
	Author = {Omid Madani and Daniel J. Lizotte and Russell Greiner},
	Booktitle = {Proceedings of the 20th Conference on Uncertinty in Artificial Intelligence},
	Location = {Banff, Canada},
	Month = {July},
	Summary = {Full version seems to be unpublished.},
	Title = {Active Model Selection},
	Year = {2004}}

@article{bel-ocala-04,
	Author = {Yoram Baram and Ran El-Yaniv and Kobi Luz},
	Journal = {Journal of Machine Learning Research},
	Pages = {255--291},
	Summary = {Introduces KFF and uses ensemble/k-armed bandit. Defines 'deficiency' as a new performance measure. See Schohn and Cohn on accuracy peacking and then declining, see McKay for measuring usefulness of labeled points.},
	Title = {Online Choice of Active Learning Algorithms},
	Volume = {5},
	Year = {2004}}

@inproceedings{mt-scem-04,
	Author = {Shie Mannor and John N. Tsitsiklis},
	Booktitle = {Journal of Machine Learning Research},
	Date-Added = {2006-11-24 22:25:25 -0600},
	Date-Modified = {2006-11-24 22:34:37 -0600},
	Pages = {623-648},
	Title = {The Sample Complexity of Exploration in the Multi-Armed Bandit Problem},
	Volume = {5},
	Year = {2004}}

@inproceedings{tk-alpebn-04,
	Author = {Simon Tong and Daphne Koller},
	Booktitle = {Conference on Advances in Neural Information Processing Systems (NIPS)},
	Title = {Active Learning for Parameter Estimation in Bayesian Networks},
	Year = {2004}}

@article{acfs-nmbp-02,
	Address = {Philadelphia, PA, USA},
	Author = {Peter Auer and Nicol\`{o} Cesa-Bianchi and Yoav Freund and Robert E. Schapire},
	Doi = {http://dx.doi.org/10.1137/S0097539701398375},
	Issn = {0097-5397},
	Journal = {SIAM J. Comput.},
	Number = {1},
	Pages = {48--77},
	Publisher = {Society for Industrial and Applied Mathematics},
	Title = {The Nonstochastic Multiarmed Bandit Problem},
	Volume = {32},
	Year = {2003}}

@article{r-sasde-52,
	Author = {H. Robbins},
	Journal = {Bulletin of the American Mathematical Society},
	Pages = {527-535},
	Title = {Some aspects of the sequential design of experiments},
	Volume = {55},
	Year = {1952}}

@techreport{gnt-kqbc-03,
	Author = {Ran Gilad-Bachrach and Amir Navot and Naftali Tishby},
	Institution = {Leibniz Center, Hebrew University},
	Number = {2003-88},
	Title = {Kernel Query By Committee (KQBC)},
	Year = {2003}}

@inproceedings{blnbc-lmg-03,
	Author = {Daniel J. Lizotte and Omid Madani and Russell Greiner},
	Booktitle = {Proceedings of the 19th Conference on Uncertinty in Artificial Intelligence},
	Summary = {This was also the Masters Thesis of Daniel Lizotte},
	Title = {Budgeted Learning of Na\"{i}ve-{B}ayes Classifiers},
	Year = {2003},
Pages = "378-385",}

@article{ggr-lcsac-02,
	Address = {Essex, UK},
	Author = {Russell Greiner and Adam J. Grove and Dan Roth},
	Issn = {0004-3702},
	Journal = {Artificial Intelligence},
	Number = {2},
	Pages = {137--174},
	Publisher = {Elsevier Science Publishers Ltd.},
	Title = {Learning cost-sensitive active classifiers},
	Volume = {139},
	Year = {2002}}

@inproceedings{zp-oalda-02,
	Author = {Zhiqiang Zheng and Balaji Padmanabhan},
	Booktitle = {Proceedings of the IEEE International Conference on Data Minding},
	Pages = {562--570},
	Title = {On Active Learning for Data Aquisition},
	Year = {2002}}

@inproceedings{dlm-PACgbct-01,
	Author = {Sanjoy Dasgupta and Michael L. Littman and David McAllester},
	Booktitle = {Advances in Neural Information Processing Systems (NIPS)},
	Title = {{PAC} generalization bounds for co-training},
	Year = {2001}}

@inproceedings{tk-alsbn-01,
	Author = {Simon Tong and Daphne Koller},
	Booktitle = {Proceedings of the 17th International Join Conferenceon Artificial Intelligence (IJCAI)},
	Pages = {863--869},
	Title = {Active Learning for Structure in Bayesian Networks},
	Year = {2001}}

@inproceedings{olcb-fbmla-00,
	Author = {Joseph O'Sullivan and John Langford and Rich Caruana and Avrim Blum},
	Booktitle = { Proceedings of the Seventeenth International Conference on Machine Learning},
	Isbn = {1-55860-707-2},
	Pages = {703--710},
	Title = {{FeatureBoost:} A Meta-Learning Algorithm that Improves Model Robustness},
	Year = {2000}}

@inproceedings{slcb-fbma-00,
	Author = {Joseph O'Sullivan and John Langford and Rich Caruna and Avrim Blum},
	Booktitle = {Proceedings of the 17th International Conference on Machine Learning},
	Pages = {703-710},
	Title = {FeatureBoost: A MetaLearning Algorithm that Improves Model Robustness},
	Year = {2000}}

@inproceedings{tpb-ibm-99,
	Author = {Naftali Tishby and Fernando Pereira and William Bialek},
	Booktitle = {The 37th annual Allerton Conference on Communication, Control, and Computing},
	Title = {The Information Bottleneck Method},
	Year = {1999}}

@article{sb-srmoddh-98,
	Author = {J. Shawe-Taylor and P. L. Bartlett},
	Journal = {IEEE Trans. on Information Theory},
	Number = {5},
	Pages = {1926--1940},
	Title = {Structural risk minimization over data-dependent hierarchies},
	Volume = {44},
	Year = {1998}}

@article{fsst-ssuqca-97,
	Address = {Hingham, MA, USA},
	Author = {Yoav Freund and H. Sebastian Seung and Eli Shamir and Naftali Tishby},
	Issn = {0885-6125},
	Journal = {Machine Learning},
	Number = {2-3},
	Pages = {133--168},
	Publisher = {Kluwer Academic Publishers},
	Title = {Selective Sampling Using the Query by Committee Algorithm},
	Volume = {28},
	Year = {1997}}

@techreport{h-tlbn-95,
	Author = {David Heckerman},
	Institution = {Microsoft Research, Advanced Technology Division},
	Month = {March},
	Number = {Technical Report MSR-TR-95-06},
	Title = {A Tutorial on Learning With Bayesian Networks},
	Year = {1995}}
