@book{r-flea-95,
  author = "T. J. Ross",
  title = "Fuzzy Logic with Engineering Applications",
  publisher = "McGraw-Hill",
  year = {1995},
}

@book{ky-fsflta-95,
  author = "G. J. Klir and B. Yuan",
  title = "Fuzzy Sets and Fuzzy Logic: Theory and Applications",
  publisher = "Prentice Hall",
  year = {1995},
}

@book{ll-nfsnfsis-96,
  author = "C.-T. Lin and C. S. George Lee",
  title = "Neural Fuzzy Systems: A Neuro-Fuzzy Synergism to Intelligent
Systems",
  publisher = "Prentice Hall",
  year = {1996},
}
