
@book{e-acg-87,
  author = "H. Edelsbrunner",
  title = "Algorithms in Combinatorial Geometry",
  publisher = "Springer-Verlag",
  year = {1987},
  note  = "Eatcs Monographs on Theoretical Computer Science, Vol 10",
}

@book{m-cgitra-98,
  author = "K. Mulmuley",
  title = "Combinatorial Geometry: An Introduction Through Randomized Algorithms",
  publisher = "Prentice Hall",
  year = {1998},
}
