@book(abf-dsttd-90,
author = "M. Abramovici and M. A. Breuer and A. D. Friedman",
title = "Digital Systems Testing and Testable Design",
publisher = "AT\&T Bell Laboratories and W. H. Freeman and Co.",
year = "1990",
)

@article(wolfram86,
title="Random sequence generation by cellular automata",
author="Wolfram, S.",
journal="Advances in Applied Mathematics 7",
pages="123--169",
year="1986",
)

@article(wolfram83,
title="Statistical mechanics of cellular automata",
author="Wolfram, S.",
journal="Reviews of Modern Physics",
volume="55",
number="3",
pages="601--644",
month="July",
year="1983",
)

@article(wolfram84,
title="Universality and complexity in cellular automata",
author="Wolfram, S.",
journal="Physica",
volume="10D",
pages="1--35",
year="1984",
)

@article(serra_et_al90,
title="The analysis of one-dimensional linear cellular automata and their
aliasing properties",
author="Serra, M. and Slater, T. and Muzio, J. C. and Miller, D. M.",
journal="IEEE Transactions on Computer-Aided Design of Integrated Circuits and
Systems",
volume="9",
number="7",
month="July",
pages="767--778",
year="1990",
)

@article(hortensius_et_al89,
title="Parallel random number generation for {VLSI} using cellular automata",
author="Hortensius, P. D. and Card, H. C. and McLeod, R. D.",
journal="IEEE Transactions on Computers",
volume="38",
month="October",
pages="1466--1473",
year="1989",
)

@inbook(bardell_et_al87,
title="Built-in test for {VLSI}:  Pseudorandom techniques",
author="Bardell, Paul H. and McAnney, William H. and Savir, Jacob",
chapter="3",
pages="61--88",
year="1987",
publisher="John Wiley \& Sons, Incorporated",
address="New York",
)

@book(goldberg89,
author = "Goldberg, D. E.",
title = "Genetic Algorithms in Search, Optimization, and Machine Learning",
publisher = "Addison-Wesley Publishing Company, Incorporated",
year = "1989",
address = "Reading, Massachusetts",
)

@article(economist93,
title="Darwin on a chip",
author="",
journal="The Economist",
year="1993",
month="February",
pages="85",
)

@article(wirbel92,
title="Compression chip is first to use genetic algorithms",
author="Wirbel, L.",
journal="Electronic Engineering Times",
pages="17",
year="1992",
month="December",
)

@article(mcleod94,
title = "Reconfigurable computer changes architecture",
author = "McLeod, J.",
journal = "Electronics",
year = "1994",
month = "April",
pages="5",
)

@book(brooks79,
AUTHOR = "Brooks, F.P.",
TITLE = "The Mythical Man-Month",
PUBLISHER = "Addison-Wesley Publishing Company",
ADDRESS = "Reading, Massachusetts",
YEAR = "1979",
)

@book(leighton92,
author = "Leighton, F. T.",
title = "Introduction to Parallel Algorithms and Architectures: Arrays, Trees,
Hypercubes",
publisher = "Morgan Kaufmann Publishers, Incorporated",
year = "1992",
address = "San Mateo, California",
)

@inbook(weste_eshraghian93,
author = "Weste, Neil H. E. and Eshraghian, Kamran",
title = "Principles of CMOS VLSI Design:  A Systems Perspective",
publisher = "Addison-Wesley Publishing Company, Incorporated",
year = "1993",
edition="Second",
address = "Reading, Massachusetts",
)

@article(gokhale_et_al91,
author = "Gokhale, M. and Holmes, W. and Kosper, A. and Lucas, S.
and Minnich, R. and Sweely, D. and Lopresti, D.",
title = "Building and Using a Highly Parallel Programmable Logic Array",
journal = "{IEEE} Computer",
year = "1991",
volume = "24",
number = "1",
pages = "81--89",
month = "January",
)

@inproceedings(arnold-et-al92,
author = "Arnold, J. M. and Buell, D. A. and Davis, E. G.",
title = "Splash 2",
booktitle = "Proceedings of the 4th Annual ACM Symposium on Parallel Algorithms
and Architectures",
year = "1992",
pages = "316--324",
month = "June",
)

@inproceedings(degaris90,
author = "de Garis, Hugo",
title = "Genetic programming: Artificial nervous systems artificial embryos and
embryological electronics",
booktitle = "Parallel Problem Solving from Nature, 1st Workshop",
year = "1990",
editor = "Schwefel, H. P. and {M\"{a}nner}, R.",
pages = "117--123",
publisher = "Springer-Verlag",
month = "October",
)

@inproceedings(schwarz_et_al91,
author = "Schwarz, M. and Hosticka, B. J. and Kesper, M. and Richert, P. and
Scholles, M.",
title = "Neural networks and genetic algorithms as programming paradigm for a
new {CMOS}-array computer",
booktitle = "Proceedings of the 2nd International Conference on
Microelectronics for Neural Networks",
year = "1991",
pages = "333--340",
publisher = "Kyrill \& Method Verlag",
month = "October",
)

@inbook(weste_eshraghian88,
author = "Weste, Neil and Eshraghian, Kamran",
title = "Principles of CMOS VLSI Design:  A Systems Perspective",
publisher = "Addison-Wesley Publishing Company, Incorporated",
year = "1988",
edition="First",
address = "Reading, Massachusetts",
)

@manual(xilinx99,
TITLE = "The Programmable Logic Data Book",
organization = "Xilinx, Incorporated",
ADDRESS = "San Jose, California",
YEAR = "1999",
note = "\verb+www.xilinx.com+",
)

@manual(altera99,
TITLE = "Flex 10k Embedded Programmable Logic Family",
organization = "Altera Corporation",
ADDRESS = "San Jose, California",
YEAR = "1999",
note = "\verb+www.altera.com+",
)

@manual(ti89,
TITLE = "Second Generation TMS320 User's Guide",
organization = "Texas Instruments, Incorporated",
YEAR = "1989",
)

@manual(amd91,
TITLE = "AM29050 Microprocessor User's Manual",
organization = "Advanced Micro Devices",
year = "1991",
)

@manual(amd85,
TITLE = "Bipolar Microprocessor and Logic Interface (Am29000 Family) Data Book",
organization = "Advanced Micro Devices",
year = "1985",
)

@manual(zycad96,
TITLE = "Paradigm XP Product News",
organization = "Zycad Corporation",
ADDRESS = "Fremont, California",
YEAR = "1996",
)

@manual(precedence96,
TITLE = "Product Brief",
organization = "Precedence, Incorporated",
ADDRESS = "Campbell, California",
YEAR = "1996",
)

@manual(synopsys97,
TITLE = "{\sc Arkos} Datasheet",
organization = "Synopsys, Incorporated",
ADDRESS = "Mountain View, California",
YEAR = "1997",
)

@incollection(new93,
author = "New, B.",
title = "{LCA} speed estimation: Asking the right question",
booktitle = "The Programmable Logic Data Book",
year = "1993",
publisher = "Xilinx, Incorporated",
pages = "8.16",
address = "San Jose, California",
note = "Xilinx Application Note 011.001",
)

@book(brown_et_al92,
TITLE = "Field-Programmable Gate Arrays",
AUTHOR = "Brown, S. D. and Francis, R. J. and Rose, J. and
Vranesic, Z. G.",
PUBLISHER = "Kluwer Academic Publishers",
ADDRESS = "Boston, Massachusetts",
YEAR = "1992",
)

@book(patterson_hennessy94,
TITLE = "Computer Organization and Design: The Hardware/Software Interface",
AUTHOR = "Patterson, D. A. and Hennessy, J. L.",
PUBLISHER = "Morgan Kaufmann Publishers, Inc.",
ADDRESS = "San Mateo, California",
YEAR = "1994",
)

@techreport(bertin_et_al93,
title = "Programmable Active Memories:  A Performance Assessment",
author = "Bertin, P. and Roncin, D. and Vuillemin, J.",
institution = "Digital Equipment Corporation Paris Research Laboratory",
year = "1993",
month = "March",
address = "Cedex France",
number = "24",
)

@inproceedings(bertin_et_al93b,
title = "Programmable Active Memories:  A Performance Assessment",
author = "Bertin, P. and Roncin, D. and Vuillemin, J.",
editor = "Borriello, G. and Ebeling, C.",
booktitle = "Research on Integrated Systems: Proceedings of the 1993
Symposium",
year = "1993",
pages = "88--102",
)

@inproceedings(zaidi_et_al96,
title = "Design of a Hardware Acceleration System for Automatic Test Pattern Generation",
author = "Zaidi, N. A. and Shaikh, S. A. and Szygenda, S. A.",
booktitle = "Proceedings of the Third International Conference on Concurrent
Engineering and Electronic Design Automation",
year = "1996",
)

@article(kang_et_al96,
author = "Kang, S. and Hur, Y. and Szygenda, S. A.",
title = "A hardware accelerator for fault simulation utilizing a
reconfigurable array architecture",
journal = "VLSI Design",
year = "1996",
volume = "4",
number = "2",
pages = "119-133",
)

@inproceedings(burns96,
title = "An Architecture for a {V}erilog Hardware Accelerator",
author = "Burns, C.",
booktitle = "Proceedings of the {IEEE} International Verilog {HDL} Conference",
year = "1996",
pages="2-11",
month="February",
)

@misc(guccione97,
author = "Guccione, S.",
title = "List of {FPGA}-based Computing Machines",
year = "1997",
month = "June",
)

@inproceedings(casselman93,
title = "Virtual Computing and the Virtual Computer",
author = "Casselman, S.",
booktitle = "Proceedings of the
{IEEE} Workshop on {FPGA}s for Custom Computing Machines",
month = "April",
year = "1993",
editor = "Werner, R. and Sipple, R. S.",
pages = "43--48",
publisher = "{IEEE} Computer Society Press",
comment = {address = "Reseda, California, sc@vcc.com"},
)

@techreport(eldredge_hutchings94,
title = "Density enhancement of a neural network using {FPGA}s and run-time
reconfiguration",
author = "Eldredge, James G. and Hutchings, Brad L.",
institution = "Department of Electrical and Computer Engineering, Brigham Young
University",
year = "1994",
address = "Provo, Utah",
)

@techreport(gilson93,
title = "The nano processor:  A low resource reconfigurable processor",
author = "Gilson, Kent L.",
institution = "National Technologies, Incorporated",
year = "1993",
address = "Sandy, Utah",
)

@article(kenyon_et_al93,
title="Programming pipelined {CAD} applications on message passing
architectures",
author="Kenyon, P. and Seth, S. and Agrawal, P. and Clematis,
A. and Dodero, G. and Gianuzzi, V.",
journal="Concurrency Practice and Experience",
pages="315--337",
volume="7",
number="4",
month="June",
year="1995",
)

@manual(chan94,
title = "A Field-Programmable Prototyping Board:  {XC4000 BORG} User's Guide",
author = "Chan, P. K.",
organization = "Board of Studies in Computer Engineering, 
University of California, Santa Cruz",
year = "1994",
month = "April",
)

@manual(h-sum-95,
title = "{SUGAL} user manual {V}2.0: Software package documentation",
author = "A. Hunter",
organization = "University of Sunderland", 
year = "1995",
month = "July",
)

@manual(mentorvhdl93,
title = "Mentor Graphics {VHDL} Reference Manual",
organization = "Mentor Graphics Corporation",
year = "1994",
address = "Wilsonville, Oregon",
)

@manual(mentorsynth96,
title = "Synthesizing with AutoLogic II",
organization = "Mentor Graphics Corporation",
year = "1996",
address = "Wilsonville, Oregon",
)

@manual(mentorsynth-vhdl95,
title = "{VHDL} Style Guide for AutoLogic II",
organization = "Mentor Graphics Corporation",
year = "1995",
address = "Wilsonville, Oregon",
)

@manual(mentorsynth93,
title = "AutoLogic {VHDL} Synthesis Guide",
organization = "Mentor Graphics Corporation",
year = "1994",
address = "Wilsonville, Oregon",
)

@manual(exemplar99,
title = "LeonardoSpectrum User's Guide",
organization = "Exemplar Logic, Inc.",
year = "1999",
address = "San Jose, California",
note = "\verb+www.exemplar.com+",
)

@manual(synopsys99,
title = "DC Expert User's Guide",
organization = "Synopsys, Inc.",
year = "1999",
address = "Mountain View, California",
note = "\verb+www.synopsys.com+",
)

@article(p-chsssd-96,
author = "I. Page",
title = "Constructing hardware-software systems from a single description",
journal = "VLSI Signal Processing",
volume = "12",
number = "1",
pages = "87-107",
year = "1996",
)

@inproceedings(p-vmthhcs-97,
author = "I. Page",
title = "Video motion tracking using {H}arp and {H}andel: A case study",
booktitle = "Proceedings of the 7th Annual Advanced PLD and FPGA Conference",
year = "1997",
)

@inproceedings(p-hccpasvs-97,
author = "I. Page",
title = "Hardware compilation, configurable platforms, and {ASIC}s for
self-validating sensors",
booktitle = "Proceedings of FPL '97",
year = "1997",
)

@article(tm-ilaadf-89,
author = "C. K. Tang and P. Mars",
title = "Intelligent learning algorithms for adaptive digital filters",
journal = "Electronics Letters",
volume = "25",
number = "23",
pages = "1565-1566",
year = "1989",
)

@article(tm-slaaif-91,
author = "C. K. Tang and P. Mars",
title = "Stochastic learning automata and adaptive {IIR} filters",
journal = "IEE Proceedings F",
volume = "138",
number = "4",
pages = "331-340",
year = "1991",
)

@article(trickey87,
author = "Trickey, H.",
title = "Flamel: {A} high-level hardware compiler",
journal = "IEEE Transactions on Computer Aided Design",
volume = "CAD-6",
number = "2",
pages = "259-269",
month = "March",
year = "1987",
)

@inproceedings(camposano-et-al91,
author = "Camposano, R. and Bergamaschi, R. A. and Haynes, C. E. and Payer, M.
and Wu, S. M.",
title = "The {IBM} high-level synthesis system",
booktitle = "High-Level VLSI Synthesis",
year = "1991",
pages = "79--104",
)

@inproceedings(wakabayashi91,
author = "Wakabayashi, K.",
title = "Cyber: {H}igh-level synthesis from software into {ASIC}",
booktitle = "High-Level VLSI Synthesis",
year = "1991",
pages = "127--151",
)

@article(bertoni_dorigo93,
title = "Implicit parallelism in genetic algorithms",
author = "Bertoni, A. and Dorigo, M.",
journal = "Artificial Intelligence",
year = "1993",
volume = "61",
number = "2",
pages="307--314",
)

@inproceedings(dejong_spears89,
title = "Using genetic algorithms to solve {NP}-complete problems",
author = "De Jong, K. A. and Spears, W. M.",
booktitle = "Proceedings of the Third International Conference on Genetic
Algorithms",
year = "1989",
editor = "Schaffer, J. D.",
pages = "124--132",
publisher = "Morgan Kaufmann Publishers, Incorporated",
month = "June",
)

@inproceedings(grefenstette_et_al89,
title = "How genetic algorithms work:  A critical look at implicit parallelism",
author = "Grefenstette, John J. and Baker, James E.",
booktitle = "Proceedings of the Third International Conference on Genetic
Algorithms",
year = "1989",
editor = "Schaffer, J. D.",
pages = "20--27",
publisher = "Morgan Kaufmann Publishers, Incorporated",
month = "June",
)

@techreport(norman_bean96tr,
title = "Random Keys Genetic Algorithm for Job Shop Scheduling",
author = "Norman, B. and Bean, J.",
institution = "University of Michigan, Ann Arbor",
year = "1996",
number = "96-10",
address = "Department of Industrial and Operations Engineering",
)

@article(norman_bean96j,
title = "Random Keys Genetic Algorithm for Job Shop Scheduling",
author = "Norman, B. and Bean, J.",
journal = "Engineering Design and Automation",
year = "1997",
volume="3",
pages="145-156",
)

@techreport(norman_bean94,
title = "A Genetic Algorithm Methodology for Complex Scheduling Problems",
author = "Norman, B. and Bean, J.",
institution = "University of Michigan, Ann Arbor",
year = "1994",
number = "94-5",
address = "Department of Industrial and Operations Engineering",
)

@article(bean94,
title = "Genetics and Random Keys for Sequencing and Optimization",
author = "Bean, J.",
journal = "ORSA Journal on Computing",
year = "1994",
volume = "6",
pages = "154-160",
)

@techreport(muhlenbein93,
title = "Evolutionary algorithms:  Theory and applications",
author = {M\"{u}hlenbein, Heinz},
institution = "GMD Schloss Birlinghoven",
year = "1993",
)

@inproceedings(sss-svcga-98,
author = "Scott, S. D. and Seth, S. and Samal, A.",
title = "A synthesizable {VHDL} coding of a genetic algorithm",
booktitle="The Practical Handbook of Genetic Algorithms, Volume III: Complex Coding Systems",
year = "1999",
editor="L. Chambers",
publisher = "CRC Press",
)

@techreport(scott-et-al97,
author = "Scott, S. D. and Seth, S. and Samal, A.",
title = "A Hardware Engine for Genetic Algorithms",
year = "1997",
month = "July",
institution = "University of Nebraska-Lincoln",
number = "UNL-CSE-97-001",
)

@inproceedings(scott-et-al95,
author = "Scott, S. D. and Samal, A. and Seth, S.",
title = "{HGA}:  A Hardware-Based Genetic Algorithm",
booktitle = "Proceedings of the 1995 ACM/SIGDA Third International 
Symposium on Field-Programmable Gate Arrays",
year = "1995",
pages = "53--59",
month = "February",
)

@mastersthesis(scott94,
author = "Scott, S. D.",
title = "{HGA}:  A Hardware-Based Genetic Algorithm",
school = "University of Nebraska-Lincoln",
year = "1994",
month = "August",
note = "Also available as technical report UNL-CSE-94-020",
)

@misc(scott97src,
author = "Scott, S. D.",
title = "{HGA} v1.3.1: {VHDL} source code for the {HGA} design",
year = "1997",
month = "September",
note = "\verb+ftp.cse.unl.edu/pub/HGA+",
)

@inproceedings{eldredge-hutchings:94,
author = {J. G. Eldredge and B. L. Hutchings},
title = {{FPGA} Density Enhancement of a Neural Network Through Run-Time Reconfiguration},
booktitle = {IEEE Workshop on FPGAs for Custom Computing Machines},
year = {1994},
month = {April},
address = {Napa, CA},
pages = {180-188}
}

@inproceedings{wirthlin-hutchings:94,
author = {M. K. Wirthlin and K. Gilson and B. L. Hutchings},
title = {The Nanoprocessor: A Low Resource Reconfigurable Processor},
booktitle = {IEEE Workshop on FPGAs for Custom Computing Machines},
year = {1994},
month = {April},
address = {Napa, CA},
pages = {23-30}
}

@book(michalewicz94,
author = "Michalewicz, Z.",
title = "Genetic Algorithms + Data Structures = Evolution Programs",
publisher = "Springer-Verlag",
year = "1994",
edition="Second",
address = "Berlin",
)

@book(michalewicz96,
author = "Michalewicz, Z.",
title = "Genetic Algorithms + Data Structures = Evolution Programs",
publisher = "Springer-Verlag",
year = "1996",
edition="Third",
)

@article(volder59,
title = "The {CORDIC} trigonometric computing technique",
author = "Volder, J. E.",
journal = "{IRE} Transactions on Electronic Computers",
year = "1959",
volume = "EC-8",
month = "September",
pages="330--334",
)

@book(hayes89,
author = "Hayes, J. P.",
title = "Computer Architecture and Organization",
publisher = "McGraw-Hill Book Company",
year = "1989",
edition="Second",
address = "New York",
)

@book(sanchez-tomassini96,
editor = "Sanchez, E. and Tomassini, M.",
title = "Towards Evolvable Hardware: The Evolutionary Engineering Approach",
publisher = "Springer-Verlag",
year = "1996",
address = "Berlin",
note = "{\em Lecture Notes in Computer Science} number 1062",
)

@article(degaris94,
author = "de Garis, H.",
title = "An Artificial Brain",
journal = "New Generation Computing",
year = "1994",
volume = "12",
pages = "215--221",
)

@inproceedings(higuchi-etal94,
author = "Higuchi, T. and Iba, H. and Manderick, B.",
editor = "Kitano, H. and Hendler, J. A.",
title = "Evolvable Hardware",
booktitle = "Massively Parallel Artificial Intelligence",
publisher = "MIT Press",
year = "1994",
pages = "398--421",
)

@inproceedings(hirst96,
author = "Hirst, A. J.",
title = "Notes on the Evolution of Adaptive Hardware",
booktitle = "Proceedings of the 2nd International Conference on Adaptive
Computing in Engineering Design and Control",
year = "1996",
)

@phdthesis(holland75,
author = "Holland, J. H.",
title = "Adaptation in Natural and Artificial Systems",
school = "University of Michigan",
year = "1975",
address = "Ann Arbor",
)

@phdthesis(d-abcgas-75,
author = "De Jong, K.",
title = "An Analysis of Behavior of a Class of Genetic Adaptive Systems",
school = "University of Michigan",
year = "1975",
address = "Ann Arbor",
)

@mastersthesis(liu93,
author = "Liu, J.",
title = "A General Purpose Hardware Implementation of Genetic Algorithms",
school = "University of North Carolina at Charlotte",
year = "1993",
)

@inproceedings(bland-megson98,
author = "Bland, I. M. and Megson, G. M.",
title = "The Systolic Array Genetic Algorithm, an example of systolic arrays as
a reconfigurable design methodology",
booktitle = "Proceedings of the 6th IEEE Symposium on FPGAs for Custom
Computing Machines",
year = "1998",
pages = "260-261",
)

@inproceedings(bland-megson96,
author = "Bland, I. M. and Megson, G. M.",
title = "Implementing a Generic Systolic Array for Genetic Algorithms",
booktitle = "WSC1: The First Online Workshop for Soft Computing",
year = "1996",
)

@article(bland-megson97,
author = "Bland, I. M. and Megson, G. M.",
title = "Efficient operator pipelining in a bit serial genetic algorithm engine",
journal = "Electronics Letters",
year = "1997",
month = "June",
volume = "33",
number = "12",
pages = "1026-1028",
)

@article(bland-megson96b,
author = "Bland, I. M. and Megson, G. M.",
title = "Systolic random number generation for genetic algorithms",
journal = "Electronics Letters",
year = "1996",
volume = "32",
number = "12",
pages = "1069--1070",
month = "June",
)

@techreport(megson-bland96,
author = "Megson, G. M. and Bland, I. M.",
title = "A Generic Systolic Array for Genetic Algorithms",
institution = "University of Reading",
year = "1996",
month = "May",
)

@article(megson-bland97,
author = "Megson, G. M. and Bland, I. M.",
title = "A Generic Systolic Array for Genetic Algorithms",
journal = "IEE Proceedings - Computers and Digital Techniques",
year = "1997",
volume = "144", 
number = "2",
pages = "107-121",
month = "March",
)

@book(zalzala95,
editor = "Zalzala, A. M. S.",
title = "Proceedings of the First IEE/IEEE International Conference on
Genetic Algorithms in Engineering Systems: Innovations and Applications",
publisher = "IEE",
year = "1995",
)

@inproceedings(turton-arslan95,
author = "Turton, B. C. H. and Arslan, T.",
title = "An architecture for enhancing image processing via parallel genetic
algorithms \& data compression",
booktitle = "Proceedings of the
First IEE/IEEE International Conference on Genetic Algorithms in
Engineering Systems: Innovations and Applications",
year = "1995",
pages = "337--342",
month = "September",
)

@inproceedings(turton-arslan95b,
author = "Turton, B. C. H. and Arslan, T.",
title = "A parallel genetic {VLSI} architecture for combinatorial real-time
applications---disc scheduling",
booktitle = "Proceedings of the
First IEE/IEEE International Conference on Genetic Algorithms in
Engineering Systems: Innovations and Applications",
year = "1995",
month = "September",
pages = "493-499",
)

@inproceedings(odare-arslan95,
author = "O'Dare, M. J. and Arslan, T.",
title = "Hierarchical Test Pattern Generation Using A Genetic Algorithm
With A Dynamic Global Reference Table",
booktitle = "Proceedings of the
First IEE/IEEE International Conference on Genetic Algorithms in
Engineering Systems: Innovations and Applications",
year = "1995",
month = "September",
pages = "517-523",
)

@inproceedings(turton-arslan-horrocks94,
author = "Turton, B. C. H. and Arslan, T. and Horrocks, D. H.",
title = "A hardware architecture for a parallel genetic algorithm for image
registration",
booktitle = "Proceedings of the {IEE} Colloquium on Genetic Algorithms in Image
Processing and Vision",
year = "1994",
month = "October",
pages = "11/1--11/6",
)

@inproceedings(chan-mazumder95,
editor = "Yao, X.",
author = "Chan, H. and Mazumder, P.",
title = "A systolic architecture for high speed hypergraph partitioning using a
genetic algorithm",
booktitle = "Progress in Evolutionary Computation",
publisher = "Springer-Verlag",
year = "1995",
pages = "109--126",
address = "Berlin",
note = "{\em Lecture Notes in Computer Science} number 956",
)

@inproceedings(graham-nelson95,
title = "A hardware genetic algorithm for the traveling salesman problem on
{S}plash 2",
author = "Graham, P. and Nelson, B.",
booktitle = "5th International Workshop on Field-Programmable Logic and its
Applications",
year = "1995",
pages = "352--361",
month = "August",
)

@inproceedings(graham-nelson96,
title = "Genetic algorithms in software and in hardware---a performance
analysis of workstation and custom computing machine implementations",
author = "Graham, P. and Nelson, B.",
booktitle = "Proceedings of the {IEEE} Symposium on {FPGAs} for Custom Computing
Machines",
year = "1996",
pages="216-225",
month = "April",
)

@inproceedings(sitkoff-et-al95,
title = "Implementing a genetic algorithm on a parallel custom computing
machine",
author = "Sitkoff, N. and Wazlowski, M. and Smith, A. and Silverman, H.",
booktitle = "{IEEE} Symposium on {FPGA}s for Custom Computing Machines",
year = "1995",
pages="180-187",
month="April",
)

@inproceedings(tommiska_vuori96,
title = "Implementation of Genetic Algorithms with Programmable Logic Devices",
author = "Tommiska, M. and Vuori, J.",
booktitle = "Proceedings of the Second Nordic Workshop on Genetic Algorithms
and their Applications (2NWGA)",
year = "1996",
pages="71-78",
month="August",
editor = "Alander, J. T.",
)

@inproceedings(alander_et_al95,
title = "Register-level hardware design and simulation of a genetic algorithm
using {VHDL}",
author = "Alander, J. T. and Nordman, M. and {Set\"{a}l\"{a}}, H.",
booktitle = "Proceedings of the 1st International Mendel Conference on Genetic
Algorithms, Optimization, Fuzzy Logic and Neural Networks",
year = "1995",
pages="10-14",
editor = "Osmera, P.",
)

@article(redko_et_al95,
title = "On microelectronic implementation of an evolutionary optimizer",
author = "Red'ko, V. G. and Dyabin, M. I. and Elagin, V. M. and Karpinskii, N.
G. and Polovyanyuk, A. I. and Serechenko, V. A. and Urgant, O. V.",
journal = "Russian Microelectronics",
year = "1995",
pages="182-185",
volume = "24",
number = "3",
note = "Translated from {\em Mikroelektronika}, vol.~24, no.~3, pp.~207--210, 1995",
)

@inproceedings(hamalainen_et_al95,
title = "Implementing genetic algorithms in a tree shape computer
architecture",
author = "{H\"{a}m\"{a}l\"{a}inen}, T. and Saarinen, J. and Ojala, P. and Kaski, K.",
booktitle = "Proceedings of the First Nordic Workshop on Genetic Algorithms and
their Applications (1NWGA)",
year = "1995",
pages="259-283",
month="January",
editor = "Alander, J. T.",
)

@article(hamalainen_et_al96,
title = "Accelerating genetic algorithm computation in tree shaped parallel
computer",
author = "{H\"{a}m\"{a}l\"{a}inen}, T. and Klapuri, H. and Saarinen, J. and
Ojala, P. and Kaski, K.",
journal = "Journal of Systems Architecture",
year = "1996",
pages="19-36",
month="August",
volume = "42",
number = "1",
)

@inproceedings(kohlmorgen95,
title = "Overview of parallel genetic algorithms",
author = "Kohlmorgen, U.",
booktitle = "Proceedings of the First Nordic Workshop on Genetic Algorithms and
their Applications (1NWGA)",
year = "1995",
pages="135-143",
month="January",
editor = "Alander, J. T.",
)

@inproceedings(hesser-et-al95,
author = "Hesser, J. and Ludvig, J. and {M\"{a}nner}, R.",
title = "Real-time optimization by hardware supported genetic algorithms",
booktitle = "Proceedings of the 2nd International Mendel Conference on Genetic
Algorithms, Optimization, Fuzzy Logic and Neural Networks",
editor = "Osmera, P.",
year = "1996",
pages = "52-59",
)

@inproceedings(agarwal-et-al94,
title = "An asynchronous approach to synthesizing custom architectures for
efficient execution of programs on {FPGAs}",
author = "Agarwal, L. and Wazlowski, M. and Ghosh, S.",
booktitle = "Proceedings of the International Conference on Parallel
Processing",
year = "1994",
pages = "290-294",
volume = "2",
)

@techreport(wazlowski-et-al96,
author = "Wazlowski, M. and Smith, A. and Citro, R. and Silverman, H. F.",
title = "Armstrong {III}: A Loosely-Coupled Parallel Processor with
Reconfigurable Computing Capabilities",
institution = "Brown University",
year = "1996",
)

@phdthesis(athanas92,
author = "Athanas, P. M.",
title = "An Adaptive Machine Architecture and Compiler for Dynamic Processor
Reconfiguration",
school = "Brown University",
year = "1992",
month = "May",
)

@article(w-hctpc-98,
author = "N. Wirth",
title = "Hardware compilation: Translating programs into circuits",
journal = "{IEEE} Computer",
year = "1998",
volume = "31",
number = "6",
pages = "25-31",
month = "June",
)

@article(athanas_silverman93,
author = "Athanas, P. M. and Silverman, H. F.",
title = "Processor reconfiguration through instruction-set metamorphosis",
journal = "{IEEE} Computer",
year = "1993",
volume = "26",
number = "3",
pages = "11--18",
month = "March",
)

@article(rayfield_silverman88,
title = "System and application software for the {A}rmstrong multiprocessor",
author = "Rayfield, J. T. and Silverman, H. F.",
journal = "{IEEE} Computer",
year = "1988",
volume = "21",
number = "6",
month = "June",
pages="38--52",
)

@inproceedings(g-tchdlcf-95,
author = "D. Galloway",
title = "The {T}ransmogrifier {C} hardware description language and compiler for
{FPGA}s",
booktitle = "Proceedings of the IEEE Symposium on FPGAs for Custom
Computing Machines",
year = "1995",
month="April",
)

@inproceedings(hogl-et-al95,
author = "{H\"{o}gl}, H. and Kugel, A. and Ludvig, J. and {M\"{a}nner}, R.
and Noffz, K.-H. and Zoz, R.",
title = "Enable++: {A} second generation {FPGA} processor",
booktitle = "Proceedings of the IEEE Symposium on FPGAs for Custom
Computing Machines",
year = "1995",
month="April",
pages = "45-53",
)

@inproceedings(s-gapra-96,
author = "Salami, M.",
title = "Genetic algorithm processor on reprogrammable architectures",
booktitle = "Proceedings of the Fifth Annual
Conference on Evolutionary Programming",
year = "1996",
pages = "355-361",
)

@inproceedings(s-mgapho-96,
author = "Salami, M.",
title = "Multiple genetic algorithm processor for hardware optimization",
booktitle = "Proceedings of the First International
Conference on Evolvable Systems: From Biology to Hardware",
year = "1996",
month = "October",
)

@inproceedings(salami-cain95,
author = "Salami, M. and Cain, G.",
title = "Multiple genetic algorithm processor for the economic power dispatch
problem",
booktitle = "Proceedings of the
First IEE/IEEE International Conference on Genetic Algorithms in
Engineering Systems: Innovations and Applications",
year = "1995",
month = "September",
pages = "188-193",
)

@inproceedings(salami-cain95b,
author = "Salami, M. and Cain, G.",
title = "An adaptive {PID} controller based on a genetic algorithm processor",
booktitle = "Proceedings of the
First IEE/IEEE International Conference on Genetic Algorithms in
Engineering Systems: Innovations and Applications",
year = "1995",
month = "September",
pages = "88-93",
)

@inproceedings(spears-dejong90,
author = "Spears, W. M. and De Jong, K. A.",
title = "Using neural networks and Genetic algorithms as heuristics for
{NP}-complete problems",
booktitle = "Proceedings of the International Joint Conference on Neural
Networks",
year = "1990",
pages = "118--125",
month = "January",
volume = "1",
publisher = "Lawerence Erlbaum",
)

@inproceedings(syswerda89,
author = "Syswerda, G.",
title = "Uniform crossover in genetic algorithms",
booktitle = "Proceedings of the Third International Conference on Genetic
Algorithms and their Applications",
year = "1989",
pages = "2--9",
)

@article(beasley_et_al93,
author = "Beasley, D. and Bull, D. R. and Martin, R. R.",
title = "An overview of genetic algorithms: Part 2, research topics",
journal = "University Computing",
year = "1993",
volume = "15",
number = "4",
pages = "170--181",
)

@inproceedings(fogarty_huang90,
author = "Fogarty, T. C. and Huang, R.",
title = "Implementing the Genetic Algorithm on Transputer-based parallel
processing systems",
booktitle = "Parallel Problem Solving from Nature, 1st Workshop",
year = "1990",
pages = "145--149",
publisher = "Springer-Verlag",
)

@article(wainwright94,
author = "Wainwright, R. L.",
title = "A family of genetic algorithm packages on a workstation for solving
combinatorial optimization problems",
journal = "SIGICE Bulletin",
year = "1994",
volume = "19",
pages = "30--36",
publisher = "ACM Press",
)

@article(filho-treleaven94,
author = "Filho, J. L. R. and Treleaven, P. C.",
title = "Genetic algorithm programming environments",
journal = "IEEE Computer",
year = "1994",
volume = "27",
number = "6",
pages = "28--43",
month = "June",
)

@inproceedings(baker87,
author = "Baker, J. E.",
title = "Reducing bias and inefficiency in the selection algorithm",
booktitle = "Proceedings of the First International Conference on Genetic
Algorithms",
year = "1987",
pages = "14--21",
)

@inproceedings(goldberg-deb91,
author = "Goldberg, D. E. and Deb, K.",
editor = "Rawlings, G.",
title = "A comparative analysis of selection schemes used in genetic
algorithms",
booktitle = "Foundations of Genetic Algorithms",
year = "1991",
pages = "69--93",
)

@inproceedings(Schmidt:94a,
        AUTHOR = "D. C. Schmidt",
        TITLE = "{ASX}: An Object-Oriented Framework for Developing
        Distributed Applications",
        BOOKTITLE = "Proceedings of the 6th USENIX C++ Technical
                  Conference", 
        PUBLISHER="USENIX Association",
        MONTH = "April",
        pages = "200-220",
        YEAR = {1994},
)

