@article{geman-84,
  author =       "S. Geman and D. Geman",
  title =        "Stochastic relaxation, {G}ibbs distributions and the
{B}ayesian restoration of images",
  journal =      "IEEE Transactions on Pattern Analysis and Machine
Intelligence",
  year =         "1984",
  volume = "6",
  pages = "721-741",
}

@article{mgibbs-96,
  author =       "J. Liu",
  title =        "Peskun's Theorem and a modified discrete-state {G}ibbs
sampler",
  journal =      "Biometrika",
  year =         "1996",
  volume = "83",
  pages = "681-682",
}

@article{klm-maaep-89,
  author =       "R. Karp and M. Luby and N. Madras",
  title =        "Monte-{C}arlo approximation algorithms for enumeration
problems",
  journal =      "Journal of Algorithms",
  year =         "1989",
  volume = "10",
  pages = "429-448",
}

@article{kgv-osa-83,
  author =       "S. Kirkpatrick and C. D. Gelatt and M. P. Vecchi",
  title =        "Optimization by simulated annealing",
  journal =      "Science",
  year =         "1983",
  volume = "220",
  pages = "671-680",
}

@article{s-ibmrmcmf-92,
  author =       "A. Sinclair",
  title =        "Improved bounds for mixing rates of {M}arkov chains and
                 multicommodity flow",
  journal =      "Combinatorics, Probability and Computing",
  year =         "1992",
  volume = "1",
  pages = "351-370",
}

@article{jvv-rgcsud-86,
  author =       "M. R. Jerrum and L. G. Valiant and V. V. Vazirani",
  title =        "Random generation of combinatorial structures from a uniform
                 distribution",
  journal =      "Theoretical Computer Science",
  year =         "1986",
  volume = "43",
  pages = "169-188",
}

@article{dfkkpv-metaansmkp-93,
  author =       "M. Dyer and A. Frieze and R. Kannan and A. Kapoor and U. Vazirani",
  title =        "A mildly exponential time algorithm for approximating the
                  number of solutions to a multidimensional knapsack problem",
  journal =      "Combinatorics, Probability and Computing",
  year =         "1993",
  volume = "2",
  pages = "271-284",
}

@inproceedings{ms-rwtcsks-99,
  author =       "B. Morris and A. Sinclair",
  title =        "Random walks on truncated cubes and sampling 0-1 knapsack
                  solutions",
  booktitle =    "Proceedings of the 40th Symposium on Foundations of Computer
                   Science",
  year =         "1999",
}

@inproceedings{pt-91,
  author =       "C. Geyer",
  title =        "Markov chain {Monte Carlo} maximum likelihood",
  booktitle =    "Computing Science and Statistics: Proceedings of the 23rd
Symposium on the Interface",
  year =         "1991",
  pages="156-163",
}

@article{ms-rwtcsks-ta,
  author =       "B. Morris and A. Sinclair",
  title =        "Random walks on truncated cubes and sampling 0-1 knapsack
                  solutions",
  journal =      "SIAM Journal on Computing",
  year =         "to appear",
  note = "Early version in FOCS 99",
}

@incollection(js-mcmcmaaci-96,
author="M. Jerrum and A. Sinclair",
title="The {M}arkov chain {M}onte {C}arlo method: An approach to approximate
       counting and integration",
booktitle = "Approximation Algorithms for {NP}-Hard Problems",
publisher="PWS Pub.",
year="1996",
editor="D. Hochbaum",
chapter="12",
pages="482-520",
)

@article{v-cerp-79,
  author =       "L. G. Valiant",
  title =        "The complexity of enumeration and reliability problems",
  journal =      "SIAM Journal of Computing",
  year =         "1979",
  volume = "8",
  pages = "410-421",
}

@article{sh-tcmmsa-88,
  author =       "G. H. Sasaki and B. Hajek",
  title =        "The time complexity of maximum matching by simulated
annealing",
  journal =      "Journal of the ACM",
  year =         "1988",
  volume = "35",
  pages = "387-403",
}

@article{kmt-raooccs-95,
  author =       "R. Kannan and J. Mount and S. Tayur",
  title =        "A randomized algorithm to optimize over certain convex sets",
  journal =      "Mathematics of Operations Research",
  year =         "1995",
  volume = "20",
  pages = "529-550",
}

@article{mrrtt-escfcm-53,
  author =       "N. Metropolis and A. W. Rosenbluth and M. N. Rosenbluth and
      A. H. Teller and E. Teller",
  title =        "Equation of state calculation by fast computing machines",
  journal =      "J.~of Chemical Physics",
  year =         "1953",
  volume = "21",
  pages = "1087-1092",
}

@techreport{neal-95,
  author =       "R. M. Neal",
  title =        "Suppressing random walks in {Markov} chain {Monte Carlo}
using ordered overrelaxation",
number="9508",
  institution =  "Dept. of Statistics, University of Toronto",
  year =         "1995",
}

