@book{d-rie-98,
  author = {Dubin, D.},
  title = {Rapid Interpretation of EKGs},
  publisher = {Cover Publication Company},
  year = {1998},
  edition = "Fifth",
}
