@book{t-cn-96,
  author = "A. S. Tanenbaum",
  title = "Computer Networks",
  publisher = "Prentice Hall",
  edition = "Third",
  year = {1996},
}

@book{pd-cnsa-96,
  author = "L. L. Peterson and B. S. Davie",
  title = "Computer Networks: A Systems Approach",
  publisher = "Morgan Kaufmann Publishers, Inc.",
  year = {1996},
}

@book{s-tcpipiv1-94,
  author = "W. R. Stevens",
  title = "TCP/IP Illustrated, Volume 1: The Protocols",
  publisher = "Addision-Wesley Publishing Company",
  year = {1994},
}

@book{ws-tcpipiv2-95,
  author = "G. R. Wright and W. R. Stevens",
  title = "TCP/IP Illustrated, Volume 2: The Implementation",
  publisher = "Addision-Wesley Publishing Company",
  year = {1995},
}

@inproceedings{j-cac-88,
  author = "V. Jacobson",
  title = "Congestion avoidance and control",
  booktitle = "Proceedings of SIGCOMM '88",
  month = "August",
  year = "1988",
  pages = "314-329",
}

@phdthesis{p-maeeid-97,
  author = "V. Paxson",
  title = "Measurements and Analysis of End-to-End {I}nternet Dynamics",
  school = "University of California, Berkeley",
  month = "April",
  year = "1997",
}

@inproceedings{p-eerbi-96,
  author = "V. Paxson",
  title = "End-to-end routing behavior in the {I}nternet",
  booktitle = "Proceedings of SIGCOMM '96",
  month = "August",
  year = "1996",
  pages = "25-38",
  note = "\\ \verb+http://www.acm.org/sigcomm/sigcomm96/+",
}

@inproceedings{p-eeipd-97,
  author = "V. Paxson",
  title = "End-to-end {I}nternet packet dynamics",
  booktitle = "Proceedings of SIGCOMM '97",
  month = "September",
  year = "1997",
  note = "\\ \verb+http://www.acm.org/sigcomm/sigcomm97/+",
}

@article{fj-redgca-93,
  author = "S. Floyd and V. Jacobson",
  title = "Random early detection gateways for congestion avoidance",
  journal = "IEEE/ACM Transactions on Networking",
  volume = "1",
  number = "4",
  month = "August",
  year = "1993",
  pages = "397-413",
}

@article{pf-watfpm-95,
  author = "V. Paxson and S. Floyd",
  title = "Wide-area traffic: {T}he failure of {P}oisson modeling",
  journal = "IEEE/ACM Transactions on Networking",
  volume = "3",
  number = "3",
  month = "June",
  year = "1995",
  pages = "226-244",
}

@techreport{cv-rbctf-95,
  author = "A. Costello and G. Varghese",
  title = "Redesigning the {BSD} callout and timer facilities",
  institution = "Washington University in St. Louis",
  month = "November",
  year = "1995",
  number = "WUCS-95-23",
  note = "\verb+http://www.cs.wustl.edu/cs/techreports/1995/wucs-95-23.ps.gz+",
}

@misc{bccddefjmpprswz-rqmcai-97,
  author =     "B. Braden and D. Clark and J. Crowcroft and B. Davie and
                S. Deering and D. Estrin and S. Floyd and V. Jacobson and
                G. Minshall and C. Partridge and L. Peterson and
                K. Ramakrishnan and S. Shenker and J. Wroclawski and L. Zhang",
  title =      "Recommendations on Queue Management and Congestion Avoidance
                in the {I}nternet",
  year =       "1997",
  month =      "March",
  howpublished = "Internet Draft draft-irtf-e2e-queue-mgt-00 (work in progress)",
  note = "\\ \verb+ftp://ds.internic.net/internet-drafts/draft-irtf-e2e-queue-mgt-00.txt+",
}

@misc{bccddefjmpprswz-rqmcai-98,
  author =     "B. Braden and D. Clark and J. Crowcroft and B. Davie and
                S. Deering and D. Estrin and S. Floyd and V. Jacobson and
                G. Minshall and C. Partridge and L. Peterson and
                K. Ramakrishnan and S. Shenker and J. Wroclawski and L. Zhang",
  title =      "Recommendations on Queue Management and Congestion Avoidance
                in the {I}nternet",
  year =       "1998",
  month =      "April",
  howpublished = "Internet Request for Comments 2309",
  note = "\\ \verb+http://www.cis.ohio-state.edu/htbin/rfc/rfc2309.html+",
}

@unpublished{pskt-mvchsnemlphl-95,
  author =       "G. M. Parulkar and D. C. Schmidt and E. Kraemer and 
                  J. S. Turner",
  title =        "Monitoring, visualization and control of high-speed networks
                  with emphasis on multi-layer protocols with
                  human-in-the-loop",
  year =         "1995",
  note =         "ARPA Proposal BAA 96-06",
  institution =  "Washington University in St. Louis",
}

@article{psktk-amvcgn-97,
  author =       "G. M. Parulkar and D. C. Schmidt and E. Kraemer and 
                  J. S. Turner and A. Kantawala",
  title =        "An architecture for monitoring, visualization and control of
                  gigabit networks",
  journal = "IEEE Network Magazine",
  volume = "11",
  number = "5",
  year =         "1997",
}

@techreport{ps-ircpmmn-94,
  author = "G. Pacifici and R. Stadler",
  title = "Integrating resource control and performance management in multimedia networks",
  institution = "Center for Telecommunications Research, Columbia University",
  month = "August",
  year = "1994",
  number = "388-94-35",
}

@misc{mff-nsv1-97,
  author =       "S. McCanne and S. Floyd and K. Fall",
  title =        "ns version 1 - {LBNL} Network Simulator",
  year =         "1997",
  note =         "\\ \verb+http://www-nrg.ee.lbl.gov/ns/+",
  institution =  "Lawrence Berkeley National Laboratory",
}

@misc{nsv2-00,
  author = "{UCB/LBNL}",
  title =        "Network Simulator - ns",
  year =         "2000",
  note =         "\verb+http://www-mash.cs.berkeley.edu/ns/+",
  institution =  "Lawrence Berkeley National Laboratory",
}

@misc{nsv2-97,
  title =        "{UCB/LBNL} Network Simulator - ns",
  year =         "1997",
  note =         "\\ \verb+http://www-mash.cs.berkeley.edu/ns/+",
  institution =  "Lawrence Berkeley National Laboratory",
}

@misc{c-wast-82,
  author = "D. Clark",
  title = "Window and acknowledgement strategy in {TCP}",
  month = "July",
  year = "1982",
  howpublished = "Internet Request for Comments 813",
  note = "\verb+http://www.cis.ohio-state.edu/htbin/rfc/rfc813.html+",
}

@misc{b-rihcl-89,
  author = "R. Braden",
  title = "Requirements for {I}nternet Hosts---Communication Layers",
  month = "October",
  year = "1989",
  howpublished = "Internet Request for Comments 1122",
  note = "\\ \verb+http://www.cis.ohio-state.edu/htbin/rfc/rfc1122.html+",
}

@misc{p-tcpdipps-81,
  author = "J. Postel (Editor)",
  title = "Transmission Control Protocol: {DARPA} {I}nternet Program
           Protocol Specification",
  month = "September",
  year = "1981",
  howpublished = "Internet Request for Comments 793",
  note = "\\ \verb+http://www.cis.ohio-state.edu/htbin/rfc/rfc793.html+",
}

@article{ltww-ssnet-94,
  author = "W. Leland and M. Taqqu and W. Willinger and D. Wilson",
  title = "On the self-similar nature of {E}thernet traffic",
  journal = "IEEE/ACM Transactions on Networking",
  volume = "2",
  number = "1",
  month = "February",
  year = "1994",
  pages = "1--15",
}

@inproceedings{lo-lbhpb-86,
  author = "W. Leland and T. Ott",
  title = "Load-balancing heuristics and process behavior",
  booktitle = "Proceedings of PERFORMANCE '86 and ACM SIGMETRICS 1986 Joint
               Conference on Computer Performance Modeling, Measurement and
               Evaluation",
  month = "May",
  year = "1986",
  pages = "54-69"
}

