@article{amgc-nmsunn-04,
  author =       "Athanassopoulos, S. and Mavrommatis, E. and Gernoth, K. A. and Clark, J. W.",
  title =        "Nuclear mass systematics using neural networks",  
  journal =      "Nuclear Physics A",
  year =         "2004",
  volume = "743",
  number="4",
  pages = "222-235",
}

@article{ryzlsm-bdtaannpi-05,
 author = "Byron P. Roe and Hai-Jun Yang and Ji Zhu and
Yong Liu and Ion Stancu and Gordon McGregor",
  title = "Boosted Decision Trees as an Alternative to Artificial Neural Networks for
Particle Identification",
  journal="Nuclear Instruments and Methods in Physics Research Section A",
volume="543",
number="2-3",
pages="577-584",
 year = "2005",
}
