
In addition to these, see the ROC workshops held at ICML, etc. (Peter Flach has
links to many of these from his home page).

@techreport{srin:99:a,
	Author = {Srinivasan,A},
	Institution = {Oxford University Computing Laboratory, Oxford},
	Title = {Note on the location of optimal classifiers in n-dimensional ROC space},
	Year = {1999}}

@article{holteetal,
	Author = {Chris Drummond and Robert Holte},
	journal = {Machine Learning},
	Pages = {95-130},
	Title = {Cost Curves: An improved method for visualizing classifier
performance},
volume="65",
	Year = {2006}}

@inproceedings{c.fe:02:a,
	Author = {C.Ferri and others},
	Booktitle = {Proceedings of the 19th International Conference on Machine Learning},
	Title = {Learning decision trees using the area under the ROC curve},
	Year = {2002}}

@url{pete:04:c,
	Author = {Peter A.F.},
	Title = {Tutorail Slides for ROC Analysis on ICML2004}}

@inproceedings{a.fl:03:a,
	Author = {Peter A.F.},
	Booktitle = ICML2003,
	Title = {The geometry of ROC space: understanding machine learning metrics  through roc isometrics},
	Year = {2003}}

@article{agar:05:a,
	Author = {Agarwal, S. and others},
	Journal = {Journal of Machine Learning Research},
	Title = {Generlization error bounds for the area under the ROC curve},
	Year = {2005}}

@inproceedings{cesa:05:a,
	Author = {C. Ferri and others},
	Booktitle = ICML2005,
	Title = {Modifying ROC curves to incorporate predicted probabilites},
	Year = {2005}}

@article{brad:97:a,
	Author = {Bradley, A.},
	Journal = {Pattern Recognition},
	Pages = {1145-1159},
	Title = {The use of the area under the ROC curve in the evaluation of machine  larning algorithms},
	Volume = {30},
	Year = {1997}}

@incollection{cort:04:a,
	Author = {Cortes,C. and others},
	Booktitle = {Advances in neural information processing systems},
	Publisher = {Cambridge MA: MIT Press},
	Title = {AUC optimization vs. error rate minimization.},
	Volume = {16},
	Year = {2004}}

@inproceedings{ferr:03:a,
	Author = {Ferri, C. and others},
	Booktitle = {ECAI 2003},
	Pages = {108-120},
	Title = {Volume under the ROC surface for multi-class problems},
	Year = {2003}}

@inproceedings{fiel:05:a,
	Author = {Jonathan E. F.  and others},
	Booktitle = ICML2005,
	Title = {Formulation and comparison of multi-class ROC surfaces},
	Year = {2005}}

@inproceedings{fiel:05:b,
	Author = {Jonathan E. F. and others},
	Booktitle = ICML2005,
	Title = {Visualisation of multi-class ROC surfaces},
	Year = {2005}}

@inproceedings{hers:04:a,
	Author = {Herschetal,A. and others},
	Booktitle = ICML2004,
	Title = {Optimising area under the roc curve using gradient descent},
	Year = {2004}}

@inproceedings{lach:03:a,
	Author = {Lachiche,N. and Flach,P.},
	Booktitle = ICML2003,
	Title = {Improving accuracy and cost of two-class and multi-class probabilistic  classifiers using roc curves},
	Year = {2003}}

@inproceedings{macs:05:a,
	Author = {Sofus A. Macskassy and others},
	Booktitle = {ROCML-2005},
	Title = {Confidence bands for roc curves: methods and empirical study},
	Year = {2005}}

@inproceedings{obri:05:a,
	Author = {Deirdre B. O'Brien and others},
	Booktitle = ROCML2005,
	Title = {Improving classification performance by exploring the role of cost  matrices in partitioning the estimated class probability space},
	Year = {2005}}

@inproceedings{rako:04:a,
	Author = {Rakotomamonjy, A.},
	Booktitle = {ROCAI},
	Pages = {71-80},
	Title = {Optimising area under the ROC curve with SVMs},
	Year = {2004}}

@inproceedings{ross:04:a,
	Author = {Saharon Rosset},
	Booktitle = ICML2004,
	Title = {Model selection via the AUC},
	Year = {2004}}

@inproceedings{usun:05:a,
	Author = {Nicolas Usunier },
	Booktitle = ICML2005,
	Title = {A data-dependent generalisation error bound for the AUC},
	Year = {2005}}

@inproceedings{wu:05:b,
	Author = {S. Wu and P. Flach},
	Booktitle = {Proceedings of 19th International Joint Conference on Aritificial  Intelligence},
	Title = {Repairing concavities in ROC curves},
	Year = {2002}}

@inproceedings{wu:05:a,
	Author = {S. Wu and others},
	Booktitle = ICML2005,
	Title = {A scored AUC metric for classifier evaluation and selection},
	Year = {2005}}

@inproceedings{yang:03:a,
	Author = {L.Yang and others},
	Booktitle = {ICML-2003},
	Title = {Optimizing classifier performance via an approximation to the Wilcoxon-Mann-Whitney  statistics},
	Year = {2003}}

