%% This BibTeX bibliography file was created using BibDesk.
%% http://bibdesk.sourceforge.net/


%% Created for kun deng at 2005-08-21 22:17:58 -0500 


%% Saved with string encoding ASCII (TeX) 


@STRING{icml2003 = "Proceedings of the 20th International Conference on Machine Learning"}

@STRING{icml2004 = "Proceedings of the 21st International Conference on Machine Learning"}

@STRING{icml2005 = "Proceedings of the 22th International Conference on Machine Learning"}


@unpublished{tom:05:a,
	Author = {T.Osugi and others},
	Date-Added = {2005-08-21 21:50:59 -0500},
	Date-Modified = {2005-08-21 21:53:37 -0500},
	Note = {accepted by ICDM 2005},
	Title = {Balancing Exploration and Exploitation: A New Algorithm for Active Machine Learning},
	Year = {2005}}

@inproceedings{lach:99:a,
title={{1BC}: A first-order {B}ayesian classifier},
Author={Lachiche, N. and Flach, P.},
booktitle={Proceedings of the 9th International Workshop on Inductive Logic Programming},
Pages={92-103},
year={1999}
}

@article{m-twr-99,
pages={78-89},
year={1999},
journal={Medical Decision Making},
title={Three-way {ROC}s},
author={D. Mossman},
}

@article{kkm-msp-94,
month={May},
volume={7},
number={2},
pages={275-283},
year={1994},
journal={{SIAM} Journal of Discrete Mathematics},
title={The minimum satisfiability problem},
author={R. Kohli and R. Krishnamurti and P. Mirchandani},
}

@url{weka,
	Author = {Ian H. Witten and others},
	Date-Added = {2005-08-21 20:09:00 -0500},
	Date-Modified = {2005-08-21 22:17:56 -0500},
	Title = {WEKA machine learning toolbox},
	Url = {www.cs.waikato.ac.nz/ml/weka/}}

@inproceedings{y.fr:95:a,
	Author = {Y.Freund and others},
	Booktitle = {European Conference on Computational Learning Theory},
	Date-Added = {2005-08-15 21:18:47 -0500},
	Date-Modified = {2005-08-21 16:49:34 -0500},
	Pages = {23--37},
	Title = {A decision-theoretic generalization of on-line learning and an application to boosting },
	Year = {1995}}

@techreport{srin:99:a,
	Author = {Srinivasan,A},
	Date-Added = {2005-08-10 20:50:05 -0500},
	Date-Modified = {2005-08-10 20:51:15 -0500},
	Institution = {Oxford University Computing Laboratory, Oxford},
	Title = {Note on the location of optimal classifiers in n-dimensional ROC space},
	Year = {1999}}

@inproceedings{drum:00:a,
	Author = {Chris D. and others},
	Booktitle = {Proceedings of the sixth ACM SIGKDD international conference on knowledge discovery and data minings},
	Date-Added = {2005-08-10 03:37:10 -0500},
	Date-Modified = {2005-08-21 19:23:34 -0500},
	Pages = {198-207},
	Title = {Explicitly representing expected cost: An alternative to roc representation},
	Year = {2000}}

@inproceedings{c.fe:02:a,
	Author = {C.Ferri and others},
	Booktitle = {Proceedings of the 19th International Conference on Machine Learning},
	Date-Added = {2005-08-09 23:28:50 -0500},
	Date-Modified = {2005-08-21 19:15:17 -0500},
	Title = {Learning decision trees using the area under the roc curve},
	Year = {2002}}

@article{delo:88:a,
	Author = {Delong, E.R.},
	Date-Added = {2005-08-08 22:11:27 -0500},
	Date-Modified = {2005-08-21 19:13:58 -0500},
	Journal = {Biometrics},
	Pages = {837-845},
	Title = {Comparing the area under two or more related receiver operating characteristic curves: a nonparametric approach},
	Year = {1988}}

@inproceedings{pina:05:a,
	Author = {Aloisio Carlos  and others},
	Booktitle = ICML2005,
	Date-Added = {2005-08-07 18:30:21 -0500},
	Date-Modified = {2005-08-21 19:13:33 -0500},
	Title = {boosting for regression using regression error characteristic curves},
	Year = {2005}}

@url{pete:04:c,
	Author = {Peter A.F.},
	Date-Added = {2005-07-31 23:52:41 -0500},
	Date-Modified = {2005-08-21 19:21:57 -0500},
	Title = {Tutorail Slides for ROC Analysis on ICML2004}}

@inproceedings{a.fl:03:a,
	Author = {Peter A.F.},
	Booktitle = ICML2003,
	Date-Added = {2005-07-31 00:03:55 -0500},
	Date-Modified = {2005-08-21 19:22:02 -0500},
	Title = {The geometry of roc space: understanding machine learning metrics  through roc isometrics},
	Year = {2003}}

@article{agar:05:a,
	Author = {Agarwal, S. and others},
	Date-Added = {2005-07-30 19:08:24 -0500},
	Date-Modified = {2005-08-21 19:14:53 -0500},
	Journal = {Journal of Machine Learning Research},
	Title = {Generlization error bounds for the area under the roc curve},
	Year = {2005}}

@article{bdssv-ormc-08,
	Author = { C. Bourke  and K. Deng and S. D. Scott and R. E. Schapire
and N. V. Vinodchandran},
	journal = {Machine Learning},
	Title = { On reoptimizing multi-class classifiers },
	Year = {under review},
}

@inproceedings{dbsv-naomccrs-06,
	Author = {K. Deng and C. Bourke  and S. D. Scott and N. V. Vinodchandran},
	Booktitle = {Proceedings of the ICML 2006 workshop on ROC Analysis in Machine Learning},
	Date-Added = {2005-07-30 21:12:48 -0500},
	Date-Modified = {2005-08-21 19:24:10 -0500},
	Title = {New algorithms for optimizing multi-class classifiers via ROC surfaces},
	Year = {2006},
pages = "17-24",}

@inproceedings{cesa:05:a,
	Author = {C. Ferri and others},
	Booktitle = ICML2005,
	Date-Added = {2005-07-30 21:12:48 -0500},
	Date-Modified = {2005-08-21 19:24:10 -0500},
	Title = {Modifying ROC curves to incorporate predicted probabilites},
	Year = {2005}}

@inproceedings{beng:04:a,
	Author = {Bengio, S. and Mari$\acute{e}$thoz, J.},
	Booktitle = {Proceedings of Odyssey 2004},
	Date-Added = {2005-07-30 21:34:27 -0500},
	Date-Modified = {2005-07-31 15:01:53 -0500},
	Title = {The expected performance curve: a new assessment measure for person  authentication},
	Year = {2004}}

@inproceedings{beng:05:a,
	Author = {S. Bengio and others},
	Booktitle = ICML2005,
	Date-Added = {2005-07-30 21:17:30 -0500},
	Date-Modified = {2005-08-21 19:23:11 -0500},
	Journal = ICML2005,
	Title = {The expected performance curve},
	Year = {2005}}

@article{brad:97:a,
	Annote = {get this paper!},
	Author = {Bradley, A.},
	Date-Added = {2005-07-30 20:54:47 -0500},
	Date-Modified = {2005-07-30 20:59:14 -0500},
	Journal = {Pattern Recognition},
	Pages = {1145-1159},
	Title = {The use of the area under the ROC curve in the evaluation of machine  larning algorithms},
	Volume = {30},
	Year = {1997}}

@inproceedings{cort:04:a,
author = {Cortes, C.  and Mohri, M. },
	title = {AUC optimization vs. error rate minimization},
	Booktitle = {Advances in Neural Information Processing Systems 16},
	year = {2004},
}


@inproceedings{drum:03:a,
	Author = {Chris D. and others},
	Booktitle = {ECML},
	Date-Added = {2005-07-30 21:56:21 -0500},
	Date-Modified = {2005-08-21 19:17:33 -0500},
	Title = {What roc urcves can't do (and cost curves can)},
	Year = {2003}}

@inproceedings{ferr:03:a,
	Author = {Ferri, C. and others},
	Booktitle = {ECAI 2003},
	Date-Added = {2005-07-30 20:59:22 -0500},
	Date-Modified = {2005-08-21 19:17:10 -0500},
	Pages = {108-120},
	Title = {Volume under the ROC surface for multi-class problems},
	Year = {2003}}

@inproceedings{ferr:04:a,
	Author = {C. Ferri and H. Jose},
	Booktitle = {ROC-ecai},
	Date-Added = {2005-07-31 01:42:08 -0500},
	Date-Modified = {2005-08-21 19:24:28 -0500},
	Title = {Cautious Classfier},
	Year = {2004}}

@inproceedings{fiel:05:a,
	Author = {Jonathan E. F.  and others},
	Booktitle = ICML2005,
	Date-Added = {2005-07-30 21:10:56 -0500},
	Date-Modified = {2005-08-21 22:09:55 -0500},
	Title = {Formulation and comparison of multi-class ROC surfaces},
	Year = {2005}}

@inproceedings{fiel:05:b,
	Author = {Jonathan E. F. and others},
	Booktitle = ICML2005,
	Date-Added = {2005-07-30 21:54:01 -0500},
	Date-Modified = {2005-08-21 19:17:03 -0500},
	Title = {Visualisation of multi-class ROC surfaces},
	Year = {2005}}

@inproceedings{fiel:04:a,
	Author = {Jonathan E. F. and others},
	Booktitle = {ECML},
	Date-Added = {2005-07-30 22:00:59 -0500},
	Date-Modified = {2005-08-21 19:21:20 -0500},
	Title = {ROC Optimisation of Safety Related Systems},
	Year = {2004}}

@article{freu:03:a,
	Author = {Yoav Freund and others},
	Date-Added = {2005-07-31 01:23:06 -0500},
	Date-Modified = {2005-08-21 19:13:02 -0500},
	Journal = {Journal of Machine Learning Research},
	Number = {933-969},
	Title = {An efficient boosting algorithm for combining preferences},
	Volume = {4},
	Year = {2003}}

@book{gree:64:a,
	Author = {Green, D. and Swets, J.},
	Date-Added = {2005-07-30 21:51:49 -0500},
	Date-Modified = {2005-07-30 21:53:03 -0500},
	Publisher = {John Wiley \& Sons},
	Title = {Signal detection theory and psychophysics},
	Year = {1964}}

@inproceedings{hand:01:a,
	Annote = {get paper!},
	Author = {Hand, D. and Till, R.},
	Booktitle = {Machine Learning},
	Date-Added = {2005-07-30 21:01:56 -0500},
	Date-Modified = {2005-07-30 21:03:19 -0500},
	Pages = {171-186},
	Title = {A simple generalisation of the area under the ROC curve for multiple  class classification problems},
	Volume = {45},
	Year = {2001}}

@article{hanl:82:a,
	Annote = {get paper!},
	Author = {Hanley, J. and others},
	Date-Added = {2005-07-30 21:03:30 -0500},
	Date-Modified = {2005-08-21 19:19:04 -0500},
	Journal = {Radiology},
	Pages = {29-36},
	Title = {The meaning and use of the area under a receiver operating characteristic  ({ROC}) curve},
	Year = {1982}}

@inproceedings{hers:04:a,
	Author = {Herschetal,A. and others},
	Booktitle = ICML2004,
	Date-Added = {2005-07-30 18:16:20 -0500},
	Date-Modified = {2005-08-21 19:15:44 -0500},
	Title = {Optimising area under the roc curve using gradient descent},
	Year = {2004}}

@inproceedings{lach:03:a,
	Annote = {mutli-class roc},
	Author = {Lachiche,N. and Flach,P.},
	Booktitle = ICML2003,
	Date-Added = {2005-07-30 19:39:58 -0500},
	Date-Modified = {2005-07-30 20:16:59 -0500},
	Title = {Improving accuracy and cost of two-class and multi-class probabilistic  classifiers using roc curves},
	Year = {2003}}

@inproceedings{macs:05:a,
	Author = {Sofus A. Macskassy and others},
	Booktitle = {ROCML-2005},
	Date-Added = {2005-07-30 22:49:57 -0500},
	Date-Modified = {2005-08-21 19:14:11 -0500},
	Title = {Confidence bands for roc curves: methods and empirical study},
	Year = {2005}}

@article{mccl:87:a,
	Annote = {get the paper!},
	Author = {McClish, D.K},
	Date-Added = {2005-07-30 21:05:22 -0500},
	Date-Modified = {2005-07-30 21:08:12 -0500},
	Journal = {Med. Decis. Making},
	Pages = {149-155},
	Title = {Comparing the areas under more than two indepedent ROC curves},
	Volume = {7},
	Year = {1987}}

@inproceedings{obri:05:a,
	Author = {Deirdre B. O'Brien and others},
	Booktitle = ICML2005,
	Date-Added = {2005-07-30 19:35:15 -0500},
	Date-Modified = {2005-08-21 19:15:07 -0500},
	Title = {Improving classification performance by exploring the role of cost  matrices in partitioning the estimated class probability space},
	Year = {2005}}

@article{prov:01:a,
	Author = {Provost,F. and Fawcett,T.},
	Date-Added = {2005-07-30 21:14:37 -0500},
	Date-Modified = {2005-07-30 21:16:40 -0500},
	Journal = {Machine Learning},
	Number = {203-231},
	Title = {Robust Classification for Imprecise Environments},
	Volume = {42},
	Year = {2001}}

@inproceedings{rako:04:a,
	Author = {Rakotomamonjy, A.},
	Booktitle = {ROCAI},
	Date-Added = {2005-07-30 18:18:41 -0500},
	Date-Modified = {2005-07-30 19:07:55 -0500},
	Pages = {71-80},
	Title = {Optimising area under the roc curve with svms},
	Year = {2004}}

@inproceedings{ross:04:a,
	Author = {Saharon Rosset},
	Booktitle = ICML2004,
	Date-Added = {2005-07-31 02:32:17 -0500},
	Date-Modified = {2005-07-31 02:33:17 -0500},
	Title = {Model selection via the auc},
	Year = {2004}}

@inproceedings{usun:05:a,
	Author = {Nicolas Usunier },
	Booktitle = ICML2005,
	Date-Added = {2005-07-30 17:21:56 -0500},
	Date-Modified = {2005-08-21 16:34:53 -0500},
	Title = {A data-dependent generalisation error bound for the AUC},
	Year = {2005}}

@inproceedings{wu:05:b,
	Annote = {get paper!},
	Author = {S. Wu and P. Flach},
	Booktitle = {Proceedings of 19th International Joint Conference on Aritificial  Intelligence},
	Date-Added = {2005-07-31 01:15:24 -0500},
	Date-Modified = {2005-08-09 23:27:49 -0500},
	Title = {Repairing concavities in roc curves},
	Year = {2002}}

@inproceedings{wu:05:a,
	Author = {S. Wu and others},
	Booktitle = ICML2005,
	Date-Added = {2005-07-31 00:39:23 -0500},
	Date-Modified = {2005-08-21 19:24:48 -0500},
	Title = {A scored auc metric for classifier evaluation and selection},
	Year = {2005}}

@inproceedings{yang:03:a,
	Author = {L.Yang and others},
	Booktitle = {ICML-2003},
	Date-Added = {2005-07-30 19:28:03 -0500},
	Date-Modified = {2005-08-21 19:25:16 -0500},
	Title = {Optimizing classifier performance via an approximation to the wilcoxon-mann-whitney  statistics},
	Year = {2003}}




