@inproceedings{dphs-ilartc-98,
  author =       "S. T. Dumais and J. Platt and D. Heckerman and M. Sahami",
  title =        "Inductive learning algorithms and
                representations for text categorization",
  booktitle =    "Proceedings of the 7th ACM International
Conference on Information and Knowledge Management", 
  year =         "1998",
  pages = "148-155",
}

@inproceedings{j-tcsvmlmrf-98,
  author =       "T. Joachims",
  title =        "Text Categorization with Support Vector Machines: Learning
with Many Relevant Features",
  booktitle =    "Proceedings of the 10th European Conference on Machine
Learning",
  year =         "1998",
  pages = "137-142",
}

@article{s-mlatc-02,
  author =       "F. Sebastiani",
  title =        "Machine Learning in Automated Text Categorization",
  journal =    "{ACM} Computing Surveys",
  year =         "2002",
  pages =        "1-47",
  volume="34",
  number="1",
  month="March",
}

@article{tk-svmalatc-01,
  author =       "S. Tong and D. Koller",
  title =        "Support vector machine active learning with applications to
text classification",
  journal =    "Journal of Machine Learning Research",
  year =         "2001",
  pages =        "45-66",
  volume="2",
  month="November",
}

@article{lscw-tcsk-02,
  author =       "H. Lodhi and J. Shawe-Taylor and N. Cristianini and C. Watkins",
  title =        "Text Classification using String Kernels",
  journal =    "Journal of Machine Learning Research",
  year =         "2002",
  pages =        "419-444",
  volume="2",
  month="February",
}

