@article{m-tfr-95,
  author =       "J. Martin",
  title =        "Thioredoxin---a fold for all reasons",
  journal =      "Structure",
  year =         "1995",
  volume = "3",
  pages = "245-250",
}

@article{hb-ttr-95,
  author =       "A. Holmgren and M. Bjornstedt",
  title =        "Thioredoxin and Thioredoxin Reductase",
  journal =      "Methods in Enzymology",
  year =         "1995",
  volume = "252",
  pages = "199-208",
}

@article{fa-spapssp-97,
  author =       "D. Frishman and P. Argos",
  title =        "Seventy-five percent accuracy in protein secondary structure
prediction",
  journal =      "Proteins",
  year =         "1997",
  volume = "27",
  pages = "329-335",
}

@inproceedings{adh-dpfcrrarps-02,
  author =       "C. M. Andorf and D. L. Dobbs and V. G. Honavar",
  title =        "Discovering protein function classification rules from
reduced alphabet representations of protein sequences",
  booktitle =      "Proceedings of the Fourth Conference on Computational
Biology and Genome Informatics",
  year =         "2002",
  pages = "1200-1206",
}

@inproceedings{wsdh-ddpfcdtbmmoppppf-02,
  author =       "X. Wang and D. Schroeder and D. L. Dobbs and V. G. Honavar",
  title =        "Data-driven discovery of protein function classifiers:
Decision trees based on MEME motifs outperform Prosite patterns and profiles on
peptidase families",
  booktitle =      "Proceedings of the Fourth Conference on Computational
Biology and Genome Informatics",
  year =         "2002",
  pages = "1193-1199",
}


@article{fg-cfrmrgstof-02,
  author =       "D. Fomenko and V. Gladyshev",
  title =        "{CxxS}: fold-independent redox motif revealed by
genome-wide searches for thio/disulfide oxidoreductase function",
  journal =      "Protein Science",
  year =         "2002",
  volume = "11",
  pages = "2285-2296",
}

@article{bsdl-tmrpbftm-94,
  author =       "B. B. Buchanan and P. Schurmann and P. Decottignies and R. M.
Lozano",
  title =        "Thioredoxin: a multifunctional regulatory protein with a bright future in technology and medicine",
  journal =      "Archives of Biochemistry and Biophysics",
  year =         "1994",
  volume = "314",
  pages = "257-260",
}

@article{h-tgs-89,
  author =       "A. Holmgren",
  title =        "Thioredoxin and glutaredoxin systems",
  journal =      "Journal of Biological Chemistry",
  year =         "1989",
  volume = "264",
  number="24",
  pages = "13963-13966",
}

@article{egh-sfrtds-91,
  author =       "H. Eklund and F. K. Gleason and A. Holmgren",
  title =        "Structural and functional relations among thioredoxins of
different species",
  journal =      "Proteins: Structure, Function, and Genetics",
  year =         "1991",
  volume = "11",
  pages = "13-28",
}

@article{fh-tustrc-95,
  author =       "H. Follmann and I. Haberlein",
  title =        "Thioredoxins: universal, yet specific thiol-disulfide redox
cofactors",
  journal =      "Biofactors",
  year =         "1995",
  volume = "5",
  pages = "147-156",
}

@article{kmwcc-inmpgdqsp-00,
  author =       "J. Kim and E. N. Moriyama and C. G. Warr and P. J. Clyne and J. R. Carlson",
  title =        "Identification of novel multi-transmembrane proteins from genomic databases
using quasi-periodic structural properties",
  journal =      "Bioinformatics",
  year =         "2000",
  volume = "16",
  pages = "767-775",
}

@article{esg-inthaasmp-86,
  author =       "D. M. Engelman and T. A. Steitz and A. Goldman",
  title =        "Identifying nonpolar traasbilayer helices in amino acid sequences of membrane proteins",
  journal =      "Annual Review of Biophysics and Biophysical Chemistry",
  year =         "1986",
  volume = "15",
  pages = "321-353",
}

@article{v-mpsphapr-92,
  author =       "G. Von Heijne",
  title =        "Membrane protein structure prediction: Hydrophobicity 
analysis  and the positive-inside rule",
  journal =      "Journal of Molecular Biology",
  year =         "1992",
  volume = "225",
  pages = "487-494",
}

@book{b-mbl-98,
  author = "T. Brown",
  title = "Molecular Biology Labfax",
  publisher = "Academic Press",
  edition="second",
  year = "1998",
}

@book{t-eda-77,
  author = "J. L. Tukey",
  title = "Exploratory data analysis",
  publisher = "Addison Wesley",
  year = "1977",
}

@article{kd-smdhcp-82,
  author =       "J. Kyte and R. F. Doolittle",
  title =        "A simple method for displaying the hydropathic
      character of a protein",
  journal =      "Journal of Molecular Biology",
  year =         "1982",
  volume = "157",
  pages = "105-132",
}

@article{ctrv-saaambbasm-02,
  author =       "N. Cannata and S. Toppo and C. Romualdi and G. Valle",
  title =        "Simplifying amino acid alphabets by means of a branch and
bound algorithm and substitution matrices",
  journal =      "Bioinformatics",
  year =         "2002",
  volume = "18",
  pages = "1102-1108",
}


@article{dr-apsspbcp-87,
  author =       "G. Deleage and B. Roux",
  title =        "An algorithm for protein secondary structure prediction based
on class prediction",
  journal =      "Protein Engineering",
  year =         "1987",
  volume = "1",
  pages = "289-294",
}

@article{ctrv-saaambbasm-02,
  author =       "N. Cannata and S. Toppo and C. Romualdi and G. Valle",
  title =        "Simplifying amino acid alphabets by means of a branch and bound algo-
rithm and substitution matrices",
  journal =      "Bioinformatics",
  year =         "2002",
  volume = "18",
  pages = "1102-1108",
}

@article{db-eapdbfi-99,
  author =       "L. Debarbieux and J. Beckwith",
  title =        "Electron avenue: pathways of disulfide bond formation and isomerization",
  journal =      "Cell",
  year =         "1999",
  volume = "99",
  pages = "117-119",
}

@article{ab-tsrsgg-99,
  author =       "F. Aslund and J. Beckwith",
  title =        "The thioredoxin superfamily: redundancy, specificity, and gray-area genomics",
  journal =      "Journal of Bacteriology",
  year =         "1999",
  volume = "181",
  pages = "1375-1379",
}

@article{skbhkmh-dmmidwspsh-96,
  author =       "K. Sj{\"{o}}lander and K. Karplus and M. Brown and R. Hughey
and A. Krogh and I. S. Mian and D. Haussler",
  title =        "Dirichlet mixtures: A method for improving detection of weak
but significant protein sequence homology",
  journal =      "Computer Applications in the Biosciences",
  year =         "1996",
  volume = "12",
  number = "4",
  pages = "327-345",
}
