@article{AV00btcs,
author="V. Arvind and N. V. Vinodchandran",
title="Exact learning via teaching assistants",
journal="Theoretical Computer Science",
volume="241",
pages="51-81",
year="2000",
note="Special issue devoted to the 7th International Workshop on
Algorithmic Learning Theory",
}

@inproceedings{V04cocoon,
author="N. V. Vinodchandran",
title="Learning {DNFs} and circuits using teaching assistants",
booktitle="Proceedings of the 10th International Computing and Combinatorics Conference",
year="2004",
pages="188-197",
}

@inproceedings{AV97a,
author="V. Arvind and N. V. Vinodchandran",
title="Exact learning via teaching assistants",
booktitle="Proceedings of the 8th International Workshop on
Algorithmic Learning Theory",
year="1997",
pages="291-306",
}

@inproceedings{AV96,
author="V. Arvind and N. V. Vinodchandran",
title="The complexity of exactly learning algebraic concepts",
booktitle="Proceedings of the 7th International Workshop on
Algorithmic Learning Theory",
year="1996",
pages="100-112",
}

@article{pv-2rr3f-ta,
author="A. Pavan and N. V. Vinodchandran",
title="2-Local Random Reduction to 3-Valued Functions",
year="to appear",
journal="Computational Complexity",
}

@article{pv-rbawc-ta,
author="A. Pavan and N. V. Vinodchandran",
title="Relations between Average-case and Worst-case complexity",
year="to appear",
journal={Theory of Computing Systems}, 
	}

@article{hpv-pbn-ta,
author="J. M. Hitchcock and A. Pavan and N. V. Vinodchandran",
title="Partial Bi-immunity and {NP}-Completeness",
year="to appear",
journal={Theory of Computing Systems},
	}

@inproceedings{btv-dprul-07,
author="C. Bourke and  R. Tewari and N. V. Vinodchandran",
title="Directed Planar Reachability is in Unambiguous Logspace",
booktitle={Proceedings of IEEE
Conference on Computational Complexity},
	   year="2007",
	   pages="217-221",
	   }

@article{pssv-pripcceh-07,
author="A. Pavan and S. Sengupta and A. Selman and N. V. Vinodchandran",
title="Polylogarithmic Round Interactive Proofs for {coNP}
collapses the Exponential Hierarchy",
journal={Theoretical Computer Science},
volume="385",
	year="2007",
	pages="167-178",
	}

@article{afvv-cdca-06,
author="L. Antunes and L. Fortnow and D. Van Melkebeek and N. V. Vinodchandran",
title="Computational Depth: Concept and Applications",
journal={Theoretical Computer Science},
volume="354",
number="3",
pages="391-404",
year="2006",
	}

@article{hv-dercc-06,
author="J. M. Hitchcock and N. V. Vinodchandran",
title="Dimension, Entropy rates, and Circuit Complexity",
journal={Journal of Computer and System Sciences},
volume={72},
number={4},
pages="760-782",
year="2006",
	}

@article{bhv-erfsd-05,
author="C. Bourke and J. M. Hitchcock and N. V. Vinodchandran",
title="Entropy Rates and Finite State Dimension",
journal={Theoretical Computer Science},
volume="349",
pages="392-406",
year="2005",
}

@article{v-ncmpdamg-05,
author="N. V. Vinodchandran",
      	title="Nondeterministic Circuit
Minimization Problem and Derandomizing {A}rthur-{M}erlin Games",  
journal={International Journal on Foundations of Computer Science},
volume={16},
number={6},
pages="1297-1308",
year="2005",
}

@article{mv-damghs-05,
author="P. B. Miltersen and N. V. Vinodchandran",
title="Derandomizing {A}rthur-{M}erlin Games using Hitting Sets",
journal="Computational Complexity",
	volume="14",
	pages="256-279",
	year="2005",
	}

@article{v-nccp-05,
author="N. V. Vinodchandran",
title="A Note on the Circuit Complexity of {PP}", 
journal={Theoretical Computer Science},
	volume={347},
	pages="415-418",
year="2005",
	}

@inproceedings{psv-srahph-06,
author="A. Pavan and R. Santhanam and N. V. Vinodchandran",
      title="Some
Results on Average-Case Hardness within the Polynomial Hierarchy",
      booktitle="Proceedings of FSTTCS 06",
      }


@inproceedings{fhpvw-ekcadzl-06,
author="L. Fortnow and J. Hitchcock and A. Pavan and N. V. Vinodchandran and 
F. Wang",
title="Extracting {K}olmogorov Complexity with Applications to
Dimension Zero-One Laws",
booktitle={Proceedings of ICALP 06},
pages={335-345},
year={2006},
}
