%%
%% This is file `nuthesis.bib',
%% generated with the docstrip utility.
%%
%% The original source files were:
%%
%% nuthesis.dtx  (with options: `bib')
%% 

%% The ToC is required
%% Uncomment these if need be

@inproceedings{lsu-lsal-13,
author="W. Luo and A. Schwing and R. Urtasun",
title="Latent Structured Active Learning",
booktitle="Advances in Neural Information Processing Systems
(NIPS)",
year="2013",
}
@article{Dasgupta2008,
address = {New York, New York, USA},
author = {Dasgupta, Sanjoy and Hsu, Daniel},
doi = {10.1145/1390156.1390183},
file = {:Users/ymo/Documents/Mendeley Desktop/Dasgupta, Hsu - 2008 - Hierarchical sampling for active learning.pdf:pdf},
isbn = {9781605582054},
journal = {Proceedings of the 25th international conference on Machine learning - ICML '08},
pages = {208--215},
publisher = {ACM Press},
title = {{Hierarchical sampling for active learning}},
url = {http://portal.acm.org/citation.cfm?doid=1390156.1390183},
year = {2008}
}

@article{Merialdo2001,
author = {Merialdo, AKB},
journal = {In Proceedings of International Conference on Media Features (ICMF)},
month = may,
publisher = {IEEE},
title = {{Improving Collaborative Filtering For New-Users By Smart Object Selection}},
url = {http://www.eurecom.fr/publication/670 https://www.eurecom.fr/fr/publication/670/download/mm-kohrar-010508.pdf},
year = {2001}
}

@article{Ling2012fine,
author = {Ling, Xiao and Weld, DS},
file = {:Users/ymo/Documents/Mendeley Desktop/Ling, Weld - 2012 - Fine-grained entity recognition.pdf:pdf},
journal = {Proceedings of the 26th Conference on Artificial \ldots},
title = {{Fine-grained entity recognition}},
url = {http://www.cs.washington.edu/ai/pubs/ling-aaai12.pdf http://www.aaai.org/ocs/index.php/AAAI/AAAI12/paper/download/5152/5124},
year = {2012}
}



%

\endinput
%%
%% End of file `nuthesis.bib'.
